2552 4082
376 242 440 296 GAI
457 243 584 298 INSTIT.
594 177 616 297 ΙΙ
634 249 748 299 40—43.
1029 244 1069 308 11

52 410 191 489 possunt
209 410 241 470 et
260 407 301 470 ad
319 427 448 471 seruum
467 407 624 471 minorem
642 429 708 471 m
722 428 887 471 annorum.
919 406 969 472 40.
990 405 1070 472 Cum

53 516 129 580 ergo
161 499 266 560 eertus
294 495 408 559 modus
436 496 684 560 manumittendi
707 496 884 560 minoribus
907 518 951 560 xx
974 519 1071 560 anno-

51 606 123 647 rum
153 584 292 648 dominis
321 606 380 669 per
408 586 513 670 legem
543 583 670 650 Aeliam
701 583 844 649 Sentium
877 586 1071 650 constitutus

53 674 101 756 sit,
125 674 244 756 euenit,
267 677 312 756 ut,
335 674 392 758 qui
414 691 490 736 xlm
513 695 614 738 annos
643 675 755 739 aetatis
779 675 969 758 expleuerit,
996 675 1071 738 lieet

51 766 282 827 testamentum
309 762 413 826 faeere
440 763 543 845 possit
571 767 603 828 et
630 763 664 827 in
692 784 729 827 eo
757 763 906 827 heredem
934 763 995 827 sibi
1024 763 1071 827 in·

51 852 186 916 stituere
214 853 384 938 legataque
415 853 595 935 relinquere
626 853 743 935 possit,
775 856 885 916 tamen
912 853 939 915 si
967 852 1071 916 adhue

52 941 158 1005 minor
191 941 234 1004 sit
265 962 422 1004 annorum
453 963 510 1024 xx,
546 941 728 1006 libertatem
765 963 857 1005 seruo
895 941 969 1006 dare
1005 962 1072 1005 non

51 1026 178 1112 possit¹
223 1029 268 1094 41.
296 1029 340 1093 Et
368 1031 515 1113 quamuis
543 1029 694 1094 Latinum
726 1030 830 1094 faeere
857 1031 936 1094 uelit
966 1031 1072 1094 minor

51 1139 94 1181 xx
117 1140 278 1183 annorum
302 1119 460 1202 dominus,
481 1123 591 1183 tamen
613 1119 716 1183 nihilo
740 1119 845 1183 minus
870 1119 963 1184 debet
986 1119 1071 1202 apud

53 1208 225 1272 eonsilium
253 1228 381 1272 eausam
409 1207 545 1291 probare
573 1203 610 1272 et'
632 1209 678 1273 ita
704 1211 817 1291 postea
843 1208 928 1272 inter
951 1209 1070 1272 amieos

55 1297 290 1360 manumittere.

115 1384 168 1450 42.
192 1384 361 1449 Praeterea
378 1386 450 1470 lege
468 1383 560 1449 Fufia
579 1383 712 1449 Caminia
736 1389 840 1450 certus
863 1386 978 1450 modus
998 1406 1070 1450 eon-

52 1475 185 1538 stitutus
200 1478 248 1538 est
262 1475 297 1538 in
311 1475 410 1538 seruis
424 1477 617 1538 testamento
632 1474 902 1539 manumittendis.
926 1473 975 1538 43.
985 1473 1071 1538 Nam

53 1563 93 1644 ei,
122 1564 180 1647 qui
208 1564 316 1646 plures
345 1585 442 1646 quern
470 1563 549 1627 duos
577 1585 681 1646 neque
708 1564 816 1646 plures
841 1585 937 1646 quarn
962 1563 1070 1626 deeern

53 1673 161 1716 seruos
181 1652 322 1734 hebebit,
340 1673 442 1735 usque
461 1652 500 1715 ad
518 1655 643 1735 partem
667 1651 831 1716 dimidiam
856 1652 922 1716 eius
945 1652 1071 1716 numeri
1091 1717 1122 1766 11

55 1741 280 1805 manumittere
307 1741 518 1824 permittitur3
550 1738 597 1805 ei²
619 1761 711 1824 uero,
739 1741 794 1824 qui
818 1743 927 1824 plures
948 1741 952 1824 Ι
974 1761 1070 1824 quam
1089 1784 1109 1835 t·
1125 1799 1147 1836 Β.

54 1851 75 1892 x
98 1851 205 1913 neque
233 1831 341 1912 plures
370 1852 467 1913 quam
494 1852 560 1893 m
587 1851 696 1894 seruos
724 1829 867 1912 habebit,
899 1851 1001 1912 usque
1031 1829 1071 1892 ad

54 1919 182 1983 tertiam
209 1923 334 2001 partem
363 1919 430 1982 eius
458 1919 584 1982 numeri
611 1919 837 1982 manumittere
865 1918 1070 2001 permittitur.

56 2011 85 2070 at
103 2009 141 2090 ei,
162 2008 220 2091 qui
237 2008 345 2090 plures
365 2029 462 2090 quam
481 2029 546 2072 m
563 2029 667 2090 neque
690 2009 797 2090 plures
822 2029 919 2091 quem
943 2010 1071 2072 eentum

55 2096 199 2179 habebit,
226 2118 328 2180 usque
354 2096 393 2159 ad
416 2099 540 2179 partem
565 2100 711 2180 quartam
734 2100 877 2179 potestas
901 2097 1071 2160 manumit

54 2186 141 2248 tendi
164 2185 266 2249 datur.
307 2185 482 2250 nouissime
506 2185 544 2268 ei,
568 2186 624 2268 qui
645 2187 753 2268 plures
778 2207 874 2269 quam
898 2199 918 2248 c
941 2184 1072 2248 habebit

54 2295 111 2338 nee
135 2276 244 2357 plures
268 2296 364 2357 quam
388 2291 427 2356 1),
453 2295 520 2338 non
544 2275 652 2356 plures
676 2271 920 2338 manumittere³
941 2275 1072 2357 permit

55 2363 133 2426 titur
163 2360 279 2446 quam⁴
309 2363 454 2446 quintam
483 2367 622 2447 partem3
653 2384 757 2447 neque
787 2365 894 2446 plures
924 2384 1019 2444 quum
1042 2369 1072 2422 D

55 2451 194 2516 tabentia
211 2453 294 2516 ratio
312 2451 447 2530 tutetur,
465 2457 501 2516 ut
517 2471 555 2516 ee
577 2471 609 2516 eo
631 2472 759 2516 numero
775 2472 858 2534 pars
880 2447 1072 2534 definiatur?

58 2541 109 2604 sed
137 2541 327 2624 praeseribit
352 2542 419 2623 lex,
446 2563 487 2604 ne
515 2541 567 2605 eui
594 2541 701 2624 plures
729 2541 954 2605 manumittere
977 2541 1072 2604 liceat

58 2651 152 2712 quam
180 2645 209 2694 c.
257 2627 363 2712 qu0d⁶
395 2630 423 2694 si
455 2630 526 2714 quis
559 2651 659 2694 unum
692 2651 820 2693 seruum
853 2630 983 2694 omnino
1017 2632 1072 2693 aut

129 2858 154 2926 1)
173 2857 269 2925 potest
287 2856 319 2910 V.
371 2858 397 2926 2)
418 2856 442 2910 si
460 2856 493 2911 V.
545 2857 571 2924 3)
591 2855 617 2910 ei
634 2856 834 2910 manumittere
851 2855 884 2910 V.
940 2858 967 2924 4)
986 2870 1071 2923 quam

60 2929 88 2979 ut
105 2926 139 2981 V.
214 2930 241 2996 5)
261 2926 357 2997 Suppl.
375 2927 435 2982 He.
510 2930 536 2998 6)
555 2943 590 2997 eq
608 2926 646 2994 V;
665 2930 763 2982 eontra
781 2928 929 2982 Palenses.

127 3123 432 3190 1110111111.
461 3121 659 3190 1111112113.
688 3122 745 3177 Gai
758 3123 820 3191 epit.
842 3128 866 3190 1,
884 3129 907 3190 1,
923 3126 946 3175 7.

127 3200 200 3260 241.
223 3195 265 3260 Of.
283 3193 391 3248 Desitt.
413 3199 453 3247 13.

128 3271 200 3332 §42
223 3265 264 3333 Of.
284 3265 363 3330 infra
382 3271 406 3330 2,
422 3269 481 3318 228.
508 3263 1072 3332 11111111.1101181111.

60 3335 130 3390 Hist.
150 3337 224 3407 Aue.
248 3337 333 3390 Tacit.
355 3340 397 3403 10,
413 3340 436 3388 7.
464 3335 502 3389 D.
523 3340 654 3402 36,1,37
674 3335 767 3406 (Paul.
787 3335 856 3390 zaro
878 3335 1018 3405 annulari
1035 3336 1073 3389 ad

62 3407 137 3476 leyen
156 3409 272 3476 Fufium
292 3406 456 3472 Caniniam
472 3409 549 3485 925).
579 3411 621 3475 50,
637 3412 679 3474 16,
694 3412 746 3461 216
766 3406 858 3476 (Paul.
874 3409 945 3476 926).
976 3406 1072 3461 (111.

64 3484 101 3547 re,
116 3485 140 3545 s,
155 3484 190 3532 11
221 3483 334 3533 eras.

127 3481 269 3616 graios.
294 3481 356 3618 [ils.
382 3555 406 3616 1,
426 3555 467 3602 14.
504 3548 587 3604 Paul.
607 3555 637 3616 4,
658 3555 705 3617 14,
724 3555 749 3602 4.
788 3547 845 3602 Gai
862 3550 925 3617 epit.
951 3553 974 3615 1,
995 3553 1073 3616 apr.

63 3619 96 3674 1).
114 3627 157 3690 40,
172 3627 198 3690 a,
214 3627 257 3689 11,
274 3627 288 3674 1
309 3621 390 3690 (Pap.
407 3623 476 3689 303).
