2574 4070
265 229 318 286 An
336 231 398 288 ssi
415 229 506 288 mar.
526 230 756 288 CONSPEOTVS
773 229 910 289 scavis.
960 319 961 324 η
1026 229 1091 304 252

339 391 413 475 aliae
432 393 518 477 etiam
530 393 687 478 mancipari
700 396 826 464 possunt,
842 395 875 448 ut

337 464 874 606 mirabiirgeatlisitiltlsiriisiietorttirireci:
915 471 1056 534 2’28—37

338 607 429 676 piant,
445 607 656 662 sed‘novatione
670 607 876 662 transferuntur
917 615 942 676 2,
953 614 1002 678 383
1022 615 1055 664 33

268 677 320 746 co)
338 677 432 754 reruni
453 677 600 733 mobilium
624 678 874 748 immobiliumque,

337 750 395 804 sive
417 747 542 819 mancipi
565 751 631 804 sunt
649 750 706 804 sive
724 764 777 805 nec
794 765 873 804 man-

338 821 404 890 cipi,
422 819 565 892 usucapio.

372 891 472 947 divisio
483 891 609 960 dominii,
618 894 651 946 nt
659 892 733 946 alius
742 891 832 962 possit
841 907 875 946 ex

336 963 398 1016 iure
407 962 558 1029 Quiritium
567 963 697 1018 dominus
709 979 777 1030 esse,
792 963 874 1028 alius,

336 1034 425 1089 donec
442 1051 496 1088 usn
514 1036 633 1104 caperit,
655 1049 714 1088 rem
736 1035 766 1088 in
791 1034 873 1088 bonis
941 1085 945 1094 Δ

335 1105 440 1161 habere
473 1147 869 1161 ............
913 1111 938 1173 2,
948 1109 1053 1161 40-42

372 1193 467 1231 earum
476 1194 568 1232 rerum
577 1177 721 1246 usucapio,
736 1191 808 1244 quae
817 1193 873 1231 non

335 1263 354 1302 a
372 1248 484 1302 domino
502 1248 584 1302 nobis
602 1247 727 1302 traditas
745 1250 811 1301 sunt
830 1291 835 1302 .
866 1292 871 1303 .
914 1253 939 1315 2,
949 1251 996 1317 43;
1019 1255 1054 1303 44

371 1319 508 1390 usucapio
527 1319 680 1387 aliquando
699 1336 754 1372 uon
776 1332 873 1388 proce·

336 1390 405 1445 dens
424 1391 534 1446 alienae
551 1391 592 1445 sei
610 1391 702 1444 bonas
719 1390 786 1444 fidei
808 1406 872 1459 pos-

334 1462 436 1516 sessori
473 1504 869 1518 ............
912 1467 937 1531 2,
946 1466 1051 1516 dt—ti

369 1533 505 1603 usucapio
524 1533 593 1600 eius,
612 1533 661 1601 qui
681 1531 735 1586 scit
749 1531 871 1586 alienam

333 1620 393 1658 rem
412 1621 441 1658 se
459 1605 603 1674 possidere
614 1645 869 1659 ........
911 1609 936 1670 2,
946 1609 1051 1660 52-61

219 1673 247 1745 β)
266 1673 418 1744 aliqnando
439 1676 567 1730 dominus
586 1675 753 1729 alienandae
767 1675 808 1728 rei
821 1689 871 1743 po-

261 1746 393 1801 testatem
417 1763 473 1801 non
495 1746 594 1814 habet,
622 1749 652 1800 et
674 1746 724 1814 qui
742 1744 872 1799 dominus

261 1833 318 1872 non
336 1821 387 1885 est,
406 1818 530 1872 alienare
548 1820 643 1888 potest
647 1859 867 1872 .......
910 1822 935 1884 2,
946 1821 1051 1872 ssa-64

171 1886 201 1958 b)
218 1888 362 1943 naturales
381 1889 585 1958 adquisitiones
614 1931 868 1944 ........
911 1894 936 1954 2,
947 1894 980 1942 65

218 1962 248 2028 α)
266 1961 391 2027 traditio,
411 1961 571 2030 occupatio,
590 1976 624 2014 ex
641 1960 770 2014 hostibus
789 1975 823 2013 ca
843 1959 871 2013 io
911 1965 935 2027 2,
946 1965 1051 2014 66-69

222 2031 462 2102 β)111111111111111;
491 2031 608 2102 alluvio,
640 2029 733 2085 insula
760 2031 790 2084 in
817 1977 867 2084 tu-

259 2103 335 2157 mine
352 2105 421 2158 nata
431 2143 863 2158 .............
906 2107 932 2170 2,
943 2106 1053 2156 10-12

212 2175 242 2244 γ)
261 2173 320 2228 solo
339 2175 415 2228 cedit
428 2174 596 2244 superficies,
615 2174 715 2244 planta
731 2173 760 2226 in
774 2175 870 2226 nostro

260 2245 365 2314 posita,
393 2245 564 2300 frumentum
586 2246 616 2298 in
639 2247 734 2298 nostro
761 2245 868 2311 satum3

260 2317 329 2370 item
346 2333 439 2371 meum
457 2316 497 2384 fis,
516 2315 591 2385 quod
609 2317 639 2369 in
658 2315 774 2370 cartulis
797 2314 867 2369 meis

260 2387 363 2456 aliquis
391 2388 546 2457 scripserit,
575 2388 624 2442 sed
650 2404 706 2442 non
734 2386 809 2455 quod
837 2387 867 2439 in

258 2457 357 2513 tabula
375 2475 438 2513 mea
454 2459 578 2528 pinxerit
608 2501 861 2514 ........
905 2463 929 2526 2,
941 2462 1046 2512 73-18

215 2531 242 2600 11)
261 2530 285 2584 si
304 2530 366 2598 quis
385 2546 419 2584 ex
437 2529 531 2584 aliena
549 2531 668 2584 materia
686 2545 786 2583 novam
805 2545 867 2598 spe-

258 2601 330 2655 ciem
348 2601 446 2655 fecerit
466 2643 859 2656 ............
903 2605 927 2666 2,
938 2605 971 2654 73

125 2673 153 2741 2)
172 2670 428 2740 adquisitiones
465 2673 772 2739 alienationesque
807 2687 867 2739 per

170 2759 226 2798 eas
240 2759 416 2813 personas,
435 2759 521 2812 quae
535 2744 595 2797 sub
609 2743 722 2796 tutela
736 2743 825 2796 snut.
855 2785 860 2796 .
903 2747 929 2808 2,
939 2746 1045 2796 80—85

126 2815 152 2883 3)
172 2813 370 2882 adquiritur
386 2815 485 2869 nobis
504 2815 608 2868 etiam
621 2829 680 2883 per
694 2829 763 2880 eos,
781 2829 864 2881 qnos

168 2884 203 2938 in
221 2888 398 2954 potestate
416 2902 514 2940 manu
532 2885 746 2954 mancipiove
760 2883 864 2937 habe·

168 2973 239 3010 mus
252 3000 506 3014 ........
527 2987 529 2991 ·
536 2997 861 3012 ..........
903 2959 929 3022 2,
940 2958 1045 3008 86-36

71 3043 103 3101 (1.
124 3043 357 3120 quibusmodis
376 3061 431 3115 per
449 3045 680 3101 universitatem
699 3059 749 3099 res
774 3043 863 3098 notis
883 3089 885 3094 .

123 3115 331 3185 adquiruntur
362 3157 864 3173 ...............
906 3120 932 3182 2,
942 3118 990 3181 9⁷3
1012 3118 1046 3168 98

125 3191 151 3259 1)
170 3189 210 3243 de
237 3188 498 3243 hereditatibus
526 3190 577 3257 (et
603 3187 766 3242 bonorum
787 3202 865 3255 pos·

168 3260 399 3330 sessionibus)
431 3300 863 3314 .............
905 3260 974 3324 2,33

167 3334 195 3402 a)
209 3331 403 3400 quasnobis
414 3328 864 3386 extestamentoobveniunt
905 3331 993 3394 2100

209 3404 238 3472 α)
257 3404 489 3457 testamentorum
508 3402 648 3456 ordinatio

255 3477 307 3543 ua)
325 3489 429 3543 genera
446 3475 677 3528 testamentorum
695 3470 751 3524 tria
785 3515 790 3525 .
820 3514 825 3524 .
856 3513 861 3525 .
893 3475 930 3537 -2,
941 3473 1080 3522 101-103

257 3545 309 3614 ab)
328 3547 528 3598 testamentum
546 3560 597 3614 per
615 3559 662 3598 aes
681 3545 711 3596 et
727 3542 828 3596 libram
855 3585 861 3596 .
904 3547 929 3608 2,
939 3544 1081 3596 104-103

207 3655 211 3660 -
254 3618 305 3686 ac)
323 3617 494 3670 testamenta
511 3615 644 3670 militum.
674 3657 680 3669 .
709 3657 715 3670 .
745 3655 751 3668 .
780 3656 791 3668 „
816 3655 821 3668 .
851 3655 857 3667 .
900 3616 1075 3680 2,103-·111

120 3723 224 3756 mssa.
238 3724 319 3756 suras.
334 3725 388 3755 nra.
402 3725 441 3756 aa.
450 3723 486 3756 11.
887 3707 919 3756 17
