2552 4082
210 233 301 289 XVIII
375 235 425 290 AD
445 234 563 290 GAIVM
580 233 756 289 PRAEFAT.
775 233 947 288 HvscHKn
964 233 1021 289 ED.
1036 234 1056 292 1.

211 405 281 464 libri
303 405 422 464 tantum
440 404 646 480 supplementa
664 403 811 479 quaedam
827 401 968 462 videntur
985 405 1076 464 fuisse
1095 406 1230 464 maxime

212 513 313 552 eorum
336 491 494 567 librorum,
522 511 595 568 qnos
619 492 657 550 ad
680 492 809 551 edictum
832 496 1049 568 composuerat,
1076 493 1160 554 velut
1190 494 1229 552 de

210 582 445 642 fideicommissis
478 584 509 640 et
535 581 570 640 de
597 580 892 656 manumissionibus,
925 601 992 641 cum
1024 581 1061 640 ad
1093 583 1229 642 edictum

210 671 345 731 urbicum
372 671 460 730 modo
483 671 518 730 de
541 671 649 747 legatis
673 673 704 729 et
726 671 762 729 de
784 669 903 730 liberali
930 689 1020 738 causa
1048 671 1230 747 scripsisset,

210 760 246 819 de
268 761 426 820 verborum
445 759 687 837 obligationibus,
710 777 778 818 curn
796 759 835 818 ad
853 759 982 818 edictum
1000 762 1118 820 tantum
1137 781 1228 836 prae-

209 850 312 908 toriae·
338 849 546 925 stipulationes
579 848 770 924 explicandae
805 851 915 924 essent,
952 848 987 907 de
1018 849 1084 926 lege
1116 847 1230 925 Glicia,

210 956 286 1013 quae
310 937 348 996 ad
371 938 597 998 centumvirales
621 955 724 996 causas
748 937 903 1013 spectabat
925 939 1067 997 interius
1086 939 1176 998 civile
1197 941 1230 997 et

209 1029 392 1102 praetorium
409 1029 610 1103 interpositas,
634 1026 669 1086 de
689 1025 766 1086 SOO.
786 1027 973 1085 Tertulliano
991 1029 1022 1085 et
1035 1025 1228 1104 Orphitiano,

210 1135 287 1191 quae
305 1119 401 1190 antea,
420 1135 488 1175 cum
506 1113 717 1192 Orphitianum
735 1114 853 1175 demum
872 1134 897 1174 a.
919 1118 981 1175 178
1001 1115 1113 1175 factum
1137 1121 1230 1192 esset,

210 1205 297 1279 plene
323 1207 453 1264 tractare
480 1204 611 1264 nondum
637 1207 786 1281 potuerat.
836 1203 925 1262 Liber
952 1206 1032 1264 enim
1061 1205 1228 1283 singularis

210 1293 246 1352 de
269 1293 399 1352 formula
420 1293 643 1369 hypothecaria,
667 1294 776 1354 collata
795 1290 814 1368 ξ
834 1296 854 1351 4
879 1292 977 1354 Oonst.
998 1292 1122 1354 Omnem
1141 1297 1229 1371 reip,

208 1384 328 1441 tantum
349 1400 419 1458 pars
442 1383 697 1459 interpretationis
720 1382 812 1442 edicti
833 1383 953 1442 videtur
974 1384 1074 1446 fuisse.

275 1471 428 1531 Postremo
464 1473 588 1530 maximi
623 1474 766 1530 momenti
803 1475 860 1545 est,
897 1472 977 1548 quod
1014 1471 1105 1532 Gaius
1140 1475 1228 1548 ipsos

208 1559 300 1620 libros
329 1579 396 1620 suos
424 1579 458 1619 ex
485 1563 571 1638 parte
598 1561 705 1622 saltem
733 1563 834 1636 aperte
862 1561 980 1620 scholae
1007 1563 1107 1638 potius
1131 1581 1228 1637 quarn

208 1650 274 1708 foro
298 1649 460 1710 destinavit
486 1649 691 1725 maximusque
720 1649 815 1708 studii
840 1651 997 1710 theoretici
1024 1651 1170 1710 excitator
1195 1656 1229 1710 et

207 1740 360 1814 promotor
382 1740 510 1797 exstitit:
543 1757 603 1815 qua
624 1740 656 1796 in
679 1758 711 1798 ro
734 1739 761 1797 01
780 1740 810 1796 01
831 1737 1019 1798 Athenaeum
1042 1739 1229 1800 Graecarum

209 1827 435 1902 disciplinarum
466 1828 504 1886 ab
535 1827 689 1886 Hadriano
721 1827 832 1886 Romae
864 1829 1037 1887 institutum
1068 1831 1099 1886 et
1130 1829 1230 1888 edicti

210 1918 454 1992 compositionem
483 1916 520 1976 ah
552 1917 669 1976 Iuliano
703 1917 871 1976 absolutam
902 1917 1096 1976 incitamento
1128 1918 1227 1978 fuisse

207 2023 352 2081 perquam
375 2005 514 2064 credibile
538 2009 590 2064 est.
637 2004 764 2066 Omnino
793 2008 870 2064 enim
898 2009 959 2064 iuri
985 2008 1068 2065 civili
1097 2007 1154 2066 hoc
1178 2011 1230 2067 est

208 2095 269 2152 fere
289 2095 417 2170 privato,
441 2094 520 2168 quod
538 2094 634 2154 solum
651 2097 716 2152 turn
734 2097 767 2152 in
785 2096 892 2155 scholis
911 2095 1105 2170 tractabatur,
1122 2098 1227 2156 totum

208 2199 238 2240 se
262 2183 335 2243 dans
359 2183 496 2257 inprimis
519 2182 610 2242 libros
634 2178 684 2242 ‘ad
707 2183 835 2243 edictum
857 2179 1003 2243 urbicum'
1031 2186 1228 2260 potissimum

208 2273 241 2328 in
264 2271 432 2330 scholarum
454 2290 539 2330 usum
563 2273 714 2347 scripsisse
736 2273 864 2332 videtur.
910 2271 984 2332 (lum
1008 2273 1086 2332 enim
1105 2271 1227 2334 010000-

206 2361 253 2418 nis
277 2362 376 2422 aetate
399 2352 450 2441 (de
472 2359 549 2438 legg.
571 2363 599 2434 1,
615 2361 644 2435 5,
660 2353 714 2442 17)
743 2363 872 2420 maxime
895 2381 930 2421 ex
953 2361 1050 2422 edicto
1073 2365 1230 2452 praetoris

187 2545 293 2600 vGaius
320 2547 350 2600 in
378 2547 480 2614 altero,
508 2545 584 2615 quod
610 2545 667 2600 iam
692 2547 746 2602 hac
769 2549 804 2602 de
827 2565 912 2602 cansa
934 2549 1000 2618 post
1024 2548 1227 2604 Institutiones

207 2618 342 2687 scriptum
361 2634 422 2672 esse
441 2618 622 2672 statuendum
636 2619 686 2686 est,
703 2621 955 2689 praemonitionem
968 2621 1004 2673 (10
1017 2619 1078 2674 iure
1091 2621 1228 2690 gentium

206 2690 235 2742 01
253 2689 342 2757 civili,
366 2691 398 2742 ut
422 2693 540 2759 apparet
561 2706 595 2743 cx
613 2691 642 2743 L.
660 2697 673 2744 1
688 2709 729 2760 pr.
758 2689 790 2746 D.
811 2691 846 2746 (10
865 2707 926 2758 aeq.
945 2707 996 2745 rer.
1017 2692 1089 2746 dom.
1109 2693 1164 2760 (41,
1183 2696 1224 2761 1);

205 2760 302 2828 itaque
329 2761 421 2814 totum
449 2761 597 2815 consilinm
624 2761 684 2816 eius
707 2763 737 2815 in
759 2762 813 2816 hoc
835 2762 907 2816 libro
932 2763 967 2816 ab
991 2762 1228 2816 Institutionibus

206 2831 345 2885 diversum
364 2833 401 2900 et,
419 2833 453 2886 ut
470 2832 554 2886 verbo
574 2833 675 2900 dicam,
694 2833 786 2886 minus
800 2833 975 2904 isagogicum
993 2833 1081 2888 fuisse
1099 2836 1227 2902 oportet.

207 2901 337 2956 Ceterum
355 2904 469 2957 easdem
486 2919 530 2958 res
555 2904 669 2974 exponit
691 2904 774 2958 modo
797 2904 884 2958 latins
903 2907 932 2958 et
951 2905 1109 2958 accuratius
1127 2908 1226 2958 muta-

205 2976 291 3041 taque
321 2973 532 3042 aliquantulum
562 2974 744 3029 materiarum
779 2976 990 3044 distributione,
1026 2991 1062 3030 na
1099 2975 1223 3030 studiosi

207 3045 357 3113 superioris
375 3045 452 3099 libri
480 3045 663 3100 divisionibus
692 3047 774 3116 quasi
806 3049 875 3102 artis
902 3047 1021 3101 vinculis
1048 3048 1226 3100 tenerentur.

204 3115 278 3172 Nam
302 3117 393 3186 primo
417 3117 532 3184 quidem
554 3117 626 3171 libro
649 3117 719 3172 item
738 3119 773 3171 de
791 3135 973 3187 personarum
997 3118 1058 3171 iure
1076 3118 1228 3186 exposuita

205 3187 294 3241 altero
322 3204 386 3242 vero
414 3191 443 3242 et
470 3187 553 3242 tertio
578 3189 612 3241 de
635 3187 709 3257 iure,
738 3191 814 3257 quod
836 3191 873 3242 ad
895 3205 939 3244 res
957 3188 1093 3258 pertinet,
1113 3189 1145 3242 in
1164 3207 1223 3257 quo

206 3259 393 3330 obligationes
412 3259 523 3328 plenius
542 3275 576 3313 ex
598 3258 688 3313 tribus
711 3276 872 3315 caussarum
895 3260 1044 3330 generibus
1068 3260 1228 3328 derivavit3

204 3331 296 3387 totum
323 3347 386 3384 vero
414 3331 458 3384 ius
486 3329 688 3386 hereditarium
715 3334 744 3386 et
772 3333 847 3400 quod
873 3333 910 3385 ad
933 3332 1058 3386 actiones
1079 3330 1225 3402 pertinet,

205 3401 385 3469 sequentibus
403 3401 484 3454 libris
503 3403 548 3472 (ex
567 3401 668 3470 quibus
687 3402 758 3456 nihil
777 3405 913 3472 superest)
929 3417 1084 3457 reservasse
1098 3403 1223 3458 videtur.

205 3471 284 3537 Quod
299 3488 362 3526 vero
376 3488 421 3526 res
435 3473 619 3541 quotidianae
633 3473 859 3527 Institutionibus
874 3474 955 3542 qnasi
970 3474 1086 3528 comiter
1101 3475 1228 3529 additae

204 3545 297 3610 erant,
321 3543 408 3597 etiam
431 3543 597 3598 confirmant
619 3561 739 3614 prooem.
762 3545 829 3600 Inst.
854 3551 900 3611 §6
924 3547 953 3599 et
975 3544 1085 3599 Blnhm.
1109 3545 1170 3600 tab.
1191 3547 1228 3600 in

204 3614 336 3670 Zeitsohr.
355 3615 375 3668 f.
394 3615 489 3684 gesch.
509 3615 579 3670 RW.
598 3615 637 3670 IV
654 3635 680 3686 p.
697 3621 757 3670 266.
