2516 4074
336 259 399 314 GAI
422 259 549 314 INSTIT.
568 260 594 313 Π
614 265 762 314 rsa—171.
1015 259 1058 322 93

53 425 101 507 qui
123 425 162 487 ab
187 425 338 488 intestato
362 423 506 509 legitimo
531 425 599 487 iure
623 425 663 487 ad
685 423 895 487 hereditatem
914 427 1058 504 uocatur,

54 517 231 596 potestant
254 513 410 578 comendo
435 517 490 576 aut
514 535 571 596 pro
595 513 711 576 herede
731 513 869 598 gerendo
889 512 1059 575 ueletiam

53 603 129 666 nuda
165 604 332 668 uoluntate
369 601 588 685 suscipiendae
624 602 810 666 hereditatis
847 601 939 665 heres
975 602 1058 664 fieri:

53 693 137 774 eique
160 692 297 755 liberum
321 695 378 774 est,
402 712 604 774 quocumque
626 695 773 773 tempore
796 691 944 772 uoluerit,
973 690 1059 753 adire

53 779 268 864 hereditatem,
286 781 341 844 sed
358 782 441 868 solet
459 784 587 863 praetor
605 781 843 862 postulantibus
859 779 1059 844 hereditariis

54 870 254 933 creditoribus
282 874 410 952 tempus
439 869 645 951 constituere,
677 869 761 932 intra
789 869 889 951 quod,
917 869 945 931 si
971 868 1060 949 uelit,

53 957 156 1022 adeat1
187 959 410 1040 hereditatem,
442 959 469 1020 si
501 959 620 1040 minus,
654 962 690 1021 ut
721 958 817 1022 liceat
850 957 1059 1022 creditoribus

54 1045 148 1110 bona²
175 1047 317 1111 defuncti
349 1047 493 1110 uendere.
545 1045 606 1111 168.
636 1045 722 1110 Sicut
748 1051 856 1110 autem
886 1043 959 1128 quil
987 1068 1061 1110 oum

54 1137 186 1200 cretione
207 1137 211 1219 l
231 1137 323 1200 heres
344 1137 510 1200 institutus
530 1140 586 1218 est,
604 1136 667 1198 nisi
687 1137 823 1200 creuerit
841 1135 1060 1216 hereditatem,
1080 1145 1113 1192 97

54 1247 111 1289 non
137 1225 176 1289 fit
203 1225 308 1308 heres,
336 1225 381 1288 ita
403 1247 469 1288 non
493 1226 585 1288 aliter
612 1225 800 1307 excluditur,
824 1246 922 1306 quam
945 1225 972 1287 si
995 1245 1061 1287 non

54 1315 182 1378 creuerit
211 1315 295 1378 intra
318 1314 350 1376 id
373 1319 514 1396 tempus,
538 1335 601 1396 quo
626 1315 724 1378 cretio
748 1314 841 1377 finita
865 1314 919 1396 sit,
952 1313 1061 1395 itaque

54 1403 122 1466 licet
145 1407 218 1467 ante
247 1403 331 1466 diem
358 1403 507 1467 cretionis
535 1403 737 1467 constituerit
760 1402 971 1466 hereditatem
995 1423 1062 1465 non

54 1493 141 1574 adire,
163 1496 272 1556 tamen
296 1493 491 1576 paenitentia
514 1490 622 1556 aetus4
646 1495 815 1574 superante
839 1491 889 1554 die
912 1491 1062 1554 cretionis

55 1581 203 1645 cernendo
233 1581 325 1644 heres
353 1602 421 1644 esse
449 1584 562 1663 potest.
609 1579 671 1645 lte.
695 1579 740 1645 At
763 1581 799 1662 is,
826 1581 881 1662 qui
905 1580 973 1643 sine
997 1600 1061 1642 ore·
1178 1591 1181 1601 '

54 1671 134 1734 tione
152 1670 244 1734 heres
263 1670 429 1734 institutus
449 1673 506 1752 est,
520 1666 633 1752 quiue⁵
653 1670 692 1732 ab
712 1671 863 1734 intestato
885 1691 941 1750 per
955 1670 1060 1753 legem

54 1763 189 1842 uocatur,
209 1759 292 1822 sicut
311 1760 478 1822 uoluntate
496 1759 582 1822 nuda
599 1758 690 1822 heres
711 1759 759 1840 fit,
777 1759 824 1822 ita
847 1762 879 1822 et
903 1757 1062 1832 contraria

55 1847 259 1912 destinatione
278 1848 386 1911 statim
405 1849 444 1911 ab
463 1848 639 1911 hereditate
657 1849 830 1930 repellitur.
867 1847 930 1910 170.
951 1843 1062 1909 Omnis

54 1942 154 2000 autern
174 1937 273 2001 cretio
294 1941 380 2000 certo
399 1941 544 2019 tempore
564 1937 802 2022 constringitur.
831 1937 865 1998 in
884 1957 981 2018 quam
995 1956 1063 1997 rem

54 2026 215 2090 tolerabile
247 2030 374 2108 tempus
407 2027 512 2088 uisum
546 2029 594 2089 est
625 2030 753 2090 centum
782 2025 918 2088 dierum:
956 2027 1064 2106 potest

54 2117 156 2179 tamen
177 2115 280 2178 nihilo
305 2115 410 2177 minus
434 2116 502 2178 iure
527 2115 614 2179 ciuili
638 2119 693 2178 aut
711 2115 840 2199 longius
860 2117 916 2176 aut
934 2113 1063 2177 breuius

54 2207 175 2286 tempus
199 2204 281 2286 dari,
304 2205 431 2289 longius
455 2209 564 2267 tamen
586 2205 747 2267 interdum
776 2207 904 2286 praetor
932 2205 1063 2266 coartat.

53 2291 108 2356 171.
127 2291 170 2356 llt
184 2293 332 2374 quamuis
348 2293 451 2356 omnis
467 2294 564 2357 cretio
581 2294 674 2357 certis
690 2293 800 2356 diebus
817 2293 1064 2376 constringatur,

54 2385 156 2444 tamen
178 2382 241 2444 alia
265 2382 363 2446 cretio
387 2382 529 2466 uulgaris
553 2384 700 2464 uocatur,
730 2382 793 2444 aha
817 2385 977 2445 certorum
1002 2380 1064 2443 die·

54 2491 133 2532 rum:
156 2471 300 2555 uulgaris
323 2471 387 2553 illa,
411 2493 508 2553 quam
531 2493 627 2554 supra
655 2471 871 2553 exposuimus,
894 2470 927 2533 id
951 2473 1008 2551 est,
1031 2469 1065 2530 in

55 2579 114 2639 qua
126 2557 325 2623 adiciuntur⁶
338 2559 417 2623 haec
436 2561 546 2624 uerba:
566 2575 691 2636 QVIBVS
711 2576 806 2624 serm*
825 2575 1064 2633 Pornarrovn:

55 2651 209 2711 certorum
238 2648 373 2730 dierum,
405 2649 440 2712 in
471 2671 535 2730 qua
567 2649 717 2712 detractis
746 2649 797 2712 his
825 2649 932 2712 uerbis
961 2652 1066 2712 cetera

56 2950 71 2955 -
124 2879 148 2946 1)
166 2875 238 2931 uelit
261 2876 357 2948 adeat]
381 2876 472 2930 uelint
494 2877 619 2930 hadeant
637 2876 669 2929 V.
769 2879 795 2946 2)
819 2876 894 2929 bona
920 2875 1065 2929 Goeacheu.

55 2963 73 2996 ιι
91 2946 120 2998 V.
223 2950 249 3017 3)
278 2947 351 3002 sieut
378 2950 473 3002 autem
500 2949 549 3016 qui
577 2948 750 3002 Lachmann.
779 2947 803 3000 si
831 2947 881 3015 qui
909 2949 1004 2999 autem
1032 2945 1065 2998 V.

55 3018 82 3084 4)
100 3020 175 3072 actus
194 3019 227 3072 V.
257 3020 349 3085 firmant
373 3019 432 3088 [llp.
452 3025 495 3085 22,
511 3024 552 3072 30.
580 3035 648 3072 aran
667 3020 748 3072 acta?
776 3019 811 3083 ef.
832 3019 862 3070 V.
878 3019 902 3071 I.
919 3017 953 3072 R.
970 3034 990 3071 s.
1012 3032 1066 3084 ago

50 3104 80 3154 p.
92 3094 147 3156 315,
159 3097 200 3144 11.
297 3093 324 3160 5)
343 3091 447 3159 quique
466 3091 499 3144 V.
591 3093 617 3160 6)
637 3089 770 3144 dicuntur
788 3089 821 3142 V.

58 3209 266 3218 ΜΨ*

124 3291 212 3350 5168.
243 3287 284 3353 of.
310 3287 370 3355 Uip.
391 3293 433 3355 22,
449 3291 490 3338 30.
523 3302 609 3354 supra
629 3291 734 3354 2,144;
757 3291 815 3340 166.

125 3363 213 3422 5169.
235 3358 276 3424 of.
298 3358 357 3426 Uip.
373 3363 468 3423 aare
488 3359 553 3424 La,
565 3363 606 3424 19,
617 3363 641 3410 ι.
661 3359 698 3412 1).
710 3363 753 3424 aa,
762 3362 827 3424 am
834 3374 878 3425 pr.
891 3357 967 3424 (Uip.
978 3358 1066 3423 aare).

126 3434 213 3494 51⁷0·
235 3429 276 3495 of.
291 3430 329 3482 D.
350 3433 392 3495 aa,
408 3434 463 3495 aa
491 3429 583 3498 (Paul.
604 3432 675 3498 aaa).
714 3430 769 3484 ca.
788 3429 827 3483 aa
846 3429 903 3482 Aa.
925 3433 967 3494 13,
983 3432 1026 3493 re,
1043 3431 1066 3478 3.

57 3502 101 3564 15,
114 3503 168 3566 2,4
186 3501 281 3570 (diem
299 3501 461 3554 testamenti'
482 3501 500 3554 ι’.
515 3517 535 3553 e.
556 3501 683 3554 cetam
700 3501 842 3568 spatium).

126 3577 214 3636 5171.
236 3571 276 3636 of.
298 3572 358 3640 Uip.
374 3577 416 3636 ιι,
432 3577 473 3624 31.
493 3589 579 3640 supra
598 3577 623 3636 2,
639 3576 703 3636 164;
724 3575 783 3624 165.
815 3571 869 3626 oa.
889 3571 927 3625 ad
946 3570 1004 3624 Aa.
1026 3575 1068 3633 11,

57 3644 102 3705 12,
115 3647 136 3694 4.
173 3643 206 3696 de
224 3649 291 3697 crat.
314 3649 394 3709 1,22,
411 3648 469 3696 101.
510 3643 625 3696 Tectam.
644 3644 779 3696 Daaamii
798 3641 919 3711 (Βιιιιιιι6
937 3641 950 3692 l
969 3644 1039 3709 270).
