<?xml version="1.0" encoding="UTF-8"?>
<!DOCTYPE html PUBLIC "-//W3C//DTD XHTML 1.0 Transitional//EN"
    "http://www.w3.org/TR/xhtml1/DTD/xhtml1-transitional.dtd">
<html xmlns="http://www.w3.org/1999/xhtml" xml:lang="en" lang="en">
 <head>
  <title>
</title>
<meta http-equiv="Content-Type" content="text/html;charset=utf-8" />
  <meta name='ocr-system' content='tesseract 3.04.00' />
  <meta name='ocr-capabilities' content='ocr_page ocr_carea ocr_par ocr_line ocrx_word'/>
</head>
<body>
  <div class='ocr_page' id='page_1' title='image "./gaiinstitutionu00huscgoog_0034.png"; bbox 0 0 2552 4082; ppageno 0'>
   <div class='ocr_carea' id='block_1_1' title="bbox 245 272 1097 331">
    <p class='ocr_par' dir='ltr' id='par_1_1' title="bbox 245 272 1097 331">
     <span class='ocr_line' id='line_1_1' title="bbox 245 272 1097 331; baseline 0.002 -3"><span class='ocrx_word' id='word_1_1' title='bbox 245 275 296 328; x_wconf 84' lang='lat' dir='ltr'>AD</span> <span class='ocrx_word' id='word_1_2' title='bbox 316 273 434 328; x_wconf 76' lang='lat' dir='ltr'>GAIVM</span> <span class='ocrx_word' id='word_1_3' title='bbox 451 274 627 330; x_wconf 70' lang='lat' dir='ltr'>Panassa.</span> <span class='ocrx_word' id='word_1_4' title='bbox 647 275 820 330; x_wconf 83' lang='lat' dir='ltr'>HVSCHKII</span> <span class='ocrx_word' id='word_1_5' title='bbox 837 275 895 331; x_wconf 88' lang='lat' dir='ltr'>ED.</span> <span class='ocrx_word' id='word_1_6' title='bbox 910 272 930 330; x_wconf 91' lang='grc' dir='ltr'>Ι.</span> <span class='ocrx_word' id='word_1_7' title='bbox 992 276 1097 330; x_wconf 85' lang='lat' dir='ltr'>XXVII</span> 
     </span>
    </p>
   </div>
   <div class='ocr_carea' id='block_1_2' title="bbox 76 443 1100 2746">
    <p class='ocr_par' dir='ltr' id='par_1_2' title="bbox 76 443 1100 2746">
     <span class='ocr_line' id='line_1_2' title="bbox 77 443 1098 523; baseline 0.003 -21"><span class='ocrx_word' id='word_1_8' title='bbox 77 445 211 503; x_wconf 81' lang='lat' dir='ltr'>fatorum</span> <span class='ocrx_word' id='word_1_9' title='bbox 239 443 415 503; x_wconf 74' lang='lat' dir='ltr'><strong>felicitatem</strong></span> <span class='ocrx_word' id='word_1_10' title='bbox 444 448 566 520; x_wconf 87' lang='lat' dir='ltr'>spectes.</span> <span class='ocrx_word' id='word_1_11' title='bbox 621 444 810 504; x_wconf 86' lang='lat' dir='ltr'>Praestantia</span> <span class='ocrx_word' id='word_1_12' title='bbox 841 445 912 506; x_wconf 88' lang='lat' dir='ltr'>libri</span> <span class='ocrx_word' id='word_1_13' title='bbox 939 446 1098 523; x_wconf 91' lang='lat' dir='ltr'>praecipue</span> 
     </span>
     <span class='ocr_line' id='line_1_3' title="bbox 77 531 1098 610; baseline 0.004 -19"><span class='ocrx_word' id='word_1_14' title='bbox 77 535 125 592; x_wconf 85' lang='lat' dir='ltr'>his</span> <span class='ocrx_word' id='word_1_15' title='bbox 150 533 236 592; x_wconf 91' lang='lat' dir='ltr'>rebus</span> <span class='ocrx_word' id='word_1_16' title='bbox 261 531 456 609; x_wconf 81' lang='lat' dir='ltr'>conspicitur:</span> <span class='ocrx_word' id='word_1_17' title='bbox 480 534 558 608; x_wconf 91' lang='lat' dir='ltr'>quod</span> <span class='ocrx_word' id='word_1_18' title='bbox 581 553 649 608; x_wconf 89' lang='lat' dir='ltr'>non,</span> <span class='ocrx_word' id='word_1_19' title='bbox 673 539 708 593; x_wconf 89' lang='lat' dir='ltr'>ut</span> <span class='ocrx_word' id='word_1_20' title='bbox 725 537 890 610; x_wconf 81' lang='lat' dir='ltr'>superiores</span> <span class='ocrx_word' id='word_1_21' title='bbox 909 535 979 594; x_wconf 85' lang='lat' dir='ltr'>libri</span> <span class='ocrx_word' id='word_1_22' title='bbox 997 554 1098 595; x_wconf 88' lang='lat' dir='ltr'>omnes</span> 
     </span>
     <span class='ocr_line' id='line_1_4' title="bbox 76 621 1099 698; baseline 0.003 -18"><span class='ocrx_word' id='word_1_23' title='bbox 76 641 171 681; x_wconf 90' lang='lat' dir='ltr'>unam</span> <span class='ocrx_word' id='word_1_24' title='bbox 190 623 353 680; x_wconf 78' lang='lat' dir='ltr'>alteramve</span> <span class='ocrx_word' id='word_1_25' title='bbox 371 621 445 680; x_wconf 90' lang='lat' dir='ltr'>iuris</span> <span class='ocrx_word' id='word_1_26' title='bbox 464 623 561 682; x_wconf 85' lang='lat' dir='ltr'>civilis</span> <span class='ocrx_word' id='word_1_27' title='bbox 579 627 704 698; x_wconf 85' lang='lat' dir='ltr'>partem,</span> <span class='ocrx_word' id='word_1_28' title='bbox 724 623 776 682; x_wconf 86' lang='lat' dir='ltr'>sed</span> <span class='ocrx_word' id='word_1_29' title='bbox 793 643 905 698; x_wconf 86' lang='lat' dir='ltr'>revera,</span> <span class='ocrx_word' id='word_1_30' title='bbox 924 627 958 682; x_wconf 91' lang='lat' dir='ltr'>ut</span> <span class='ocrx_word' id='word_1_31' title='bbox 971 623 1099 683; x_wconf 85' lang='lat' dir='ltr'>Lactan-</span> 
     </span>
     <span class='ocr_line' id='line_1_5' title="bbox 77 708 1099 792; baseline 0.001 -22"><span class='ocrx_word' id='word_1_32' title='bbox 77 714 141 770; x_wconf 91' lang='lat' dir='ltr'>tius</span> <span class='ocrx_word' id='word_1_33' title='bbox 168 711 234 784; x_wconf 84' lang='lat'>5,4</span> <span class='ocrx_word' id='word_1_34' title='bbox 255 708 274 785; x_wconf 63' lang='lat'>5</span> <span class='ocrx_word' id='word_1_35' title='bbox 295 712 313 769; x_wconf 88' lang='grc'><strong>3</strong></span> <span class='ocrx_word' id='word_1_36' title='bbox 338 729 356 768; x_wconf 91' lang='lat' dir='ltr'>a</span> <span class='ocrx_word' id='word_1_37' title='bbox 385 711 550 787; x_wconf 82' lang='lat' dir='ltr'>quibusque</span> <span class='ocrx_word' id='word_1_38' title='bbox 577 711 820 772; x_wconf 88' lang='lat' dir='ltr'>Institutionibus</span> <span class='ocrx_word' id='word_1_39' title='bbox 855 713 960 792; x_wconf 79' lang='lat' dir='ltr'>exigit,</span> <span class='ocrx_word' id='word_1_40' title='bbox 989 709 1099 772; x_wconf 87' lang='lat' dir='ltr'>‘totius</span> 
     </span>
     <span class='ocr_line' id='line_1_6' title="bbox 77 795 1099 878; baseline 0.004 -21"><span class='ocrx_word' id='word_1_41' title='bbox 77 801 233 860; x_wconf 82' lang='lat' dir='ltr'>doetrinae</span> <span class='ocrx_word' id='word_1_42' title='bbox 257 799 456 858; x_wconf 83' lang='lat' dir='ltr'>substantiam</span> <span class='ocrx_word' id='word_1_43' title='bbox 478 795 630 876; x_wconf 90' lang='lat' dir='ltr'>continet&#39;,</span> <span class='ocrx_word' id='word_1_44' title='bbox 655 803 685 860; x_wconf 92' lang='lat' dir='ltr'>et</span> <span class='ocrx_word' id='word_1_45' title='bbox 708 801 771 860; x_wconf 90' lang='lat' dir='ltr'>eius</span> <span class='ocrx_word' id='word_1_46' title='bbox 795 801 916 876; x_wconf 90' lang='lat' dir='ltr'>quidem</span> <span class='ocrx_word' id='word_1_47' title='bbox 938 803 1099 878; x_wconf 69' lang='lat' dir='ltr'>iurisque</span> 
     </span>
     <span class='ocr_line' id='line_1_7' title="bbox 76 888 1099 966; baseline 0.001 -18"><span class='ocrx_word' id='word_1_48' title='bbox 76 893 147 948; x_wconf 91' lang='lat' dir='ltr'>tum</span> <span class='ocrx_word' id='word_1_49' title='bbox 170 889 329 964; x_wconf 87' lang='lat' dir='ltr'>imperium</span> <span class='ocrx_word' id='word_1_50' title='bbox 351 888 520 948; x_wconf 83' lang='lat' dir='ltr'>Romanum</span> <span class='ocrx_word' id='word_1_51' title='bbox 542 889 691 965; x_wconf 84' lang='lat' dir='ltr'>utebatur,</span> <span class='ocrx_word' id='word_1_52' title='bbox 715 890 751 949; x_wconf 89' lang='lat' dir='ltr'>de</span> <span class='ocrx_word' id='word_1_53' title='bbox 774 909 833 966; x_wconf 93' lang='lat' dir='ltr'>quo</span> <span class='ocrx_word' id='word_1_54' title='bbox 856 891 917 949; x_wconf 88' lang='lat' dir='ltr'>iam</span> <span class='ocrx_word' id='word_1_55' title='bbox 939 890 1009 966; x_wconf 91' lang='lat' dir='ltr'>dixi,</span> <span class='ocrx_word' id='word_1_56' title='bbox 1031 890 1099 949; x_wconf 89' lang='lat' dir='ltr'>sub·</span> 
     </span>
     <span class='ocr_line' id='line_1_8' title="bbox 78 977 1098 1054; baseline 0.001 -16"><span class='ocrx_word' id='word_1_57' title='bbox 78 978 225 1038; x_wconf 86' lang='lat' dir='ltr'>stantiam</span> <span class='ocrx_word' id='word_1_58' title='bbox 247 997 317 1036; x_wconf 85' lang='lat' dir='ltr'>vero</span> <span class='ocrx_word' id='word_1_59' title='bbox 340 979 385 1036; x_wconf 87' lang='lat' dir='ltr'>ita</span> <span class='ocrx_word' id='word_1_60' title='bbox 408 977 577 1038; x_wconf 86' lang='lat' dir='ltr'>felicissime</span> <span class='ocrx_word' id='word_1_61' title='bbox 605 981 803 1054; x_wconf 83' lang='lat' dir='ltr'>enucleatam,</span> <span class='ocrx_word' id='word_1_62' title='bbox 829 982 865 1037; x_wconf 90' lang='lat' dir='ltr'>ut</span> <span class='ocrx_word' id='word_1_63' title='bbox 892 979 988 1039; x_wconf 90' lang='lat' dir='ltr'>adhuc</span> <span class='ocrx_word' id='word_1_64' title='bbox 1015 979 1098 1040; x_wconf 91' lang='lat' dir='ltr'>rudis</span> 
     </span>
     <span class='ocr_line' id='line_1_9' title="bbox 77 1066 1100 1143; baseline 0.001 -17"><span class='ocrx_word' id='word_1_65' title='bbox 77 1068 186 1128; x_wconf 88' lang='lat' dir='ltr'>tironis</span> <span class='ocrx_word' id='word_1_66' title='bbox 211 1066 326 1126; x_wconf 84' lang='lat' dir='ltr'>animus</span> <span class='ocrx_word' id='word_1_67' title='bbox 349 1085 403 1125; x_wconf 91' lang='lat' dir='ltr'>nec</span> <span class='ocrx_word' id='word_1_68' title='bbox 426 1067 527 1125; x_wconf 86' lang='lat' dir='ltr'>ieiuna</span> <span class='ocrx_word' id='word_1_69' title='bbox 546 1068 679 1127; x_wconf 80' lang='lat' dir='ltr'>exilitate</span> <span class='ocrx_word' id='word_1_70' title='bbox 698 1068 904 1143; x_wconf 83' lang='lat' dir='ltr'>deterreretur,</span> <span class='ocrx_word' id='word_1_71' title='bbox 926 1087 980 1128; x_wconf 89' lang='lat' dir='ltr'>nec</span> <span class='ocrx_word' id='word_1_72' title='bbox 1003 1070 1100 1129; x_wconf 87' lang='lat' dir='ltr'>otiosa</span> 
     </span>
     <span class='ocr_line' id='line_1_10' title="bbox 80 1155 1098 1233; baseline 0.001 -17"><span class='ocrx_word' id='word_1_73' title='bbox 80 1159 168 1233; x_wconf 84' lang='lat' dir='ltr'>copie</span> <span class='ocrx_word' id='word_1_74' title='bbox 192 1159 246 1215; x_wconf 90' lang='lat' dir='ltr'>aut</span> <span class='ocrx_word' id='word_1_75' title='bbox 269 1155 480 1230; x_wconf 85' lang='lat' dir='ltr'>quaestionum</span> <span class='ocrx_word' id='word_1_76' title='bbox 502 1155 671 1216; x_wconf 84' lang='lat' dir='ltr'>subtilitate</span> <span class='ocrx_word' id='word_1_77' title='bbox 694 1160 724 1216; x_wconf 93' lang='lat' dir='ltr'>et</span> <span class='ocrx_word' id='word_1_78' title='bbox 747 1157 925 1216; x_wconf 83' lang='lat' dir='ltr'>difficultate</span> <span class='ocrx_word' id='word_1_79' title='bbox 950 1157 1098 1233; x_wconf 90' lang='lat' dir='ltr'>opprime·</span> 
     </span>
     <span class='ocr_line' id='line_1_11' title="bbox 78 1243 1099 1324; baseline 0 -20"><span class='ocrx_word' id='word_1_80' title='bbox 78 1248 169 1304; x_wconf 90' lang='lat' dir='ltr'>retur.</span> <span class='ocrx_word' id='word_1_81' title='bbox 221 1245 335 1304; x_wconf 87' lang='lat' dir='ltr'>Deinde</span> <span class='ocrx_word' id='word_1_82' title='bbox 363 1243 443 1320; x_wconf 92' lang='lat' dir='ltr'>quod</span> <span class='ocrx_word' id='word_1_83' title='bbox 470 1246 547 1304; x_wconf 86' lang='lat' dir='ltr'>hanc</span> <span class='ocrx_word' id='word_1_84' title='bbox 573 1248 671 1322; x_wconf 87' lang='lat' dir='ltr'>ipsam</span> <span class='ocrx_word' id='word_1_85' title='bbox 700 1246 899 1306; x_wconf 81' lang='lat' dir='ltr'>substantiam</span> <span class='ocrx_word' id='word_1_86' title='bbox 922 1247 1099 1324; x_wconf 86' lang='lat' dir='ltr'>dispositam</span> 
     </span>
     <span class='ocr_line' id='line_1_12' title="bbox 78 1333 1099 1410; baseline 0.001 -17"><span class='ocrx_word' id='word_1_87' title='bbox 78 1334 169 1394; x_wconf 83' lang='lat' dir='ltr'>babet</span> <span class='ocrx_word' id='word_1_88' title='bbox 197 1353 258 1393; x_wconf 89' lang='lat' dir='ltr'>non</span> <span class='ocrx_word' id='word_1_89' title='bbox 284 1333 372 1393; x_wconf 87' lang='lat' dir='ltr'>modo</span> <span class='ocrx_word' id='word_1_90' title='bbox 402 1336 473 1409; x_wconf 85' lang='lat' dir='ltr'>apte</span> <span class='ocrx_word' id='word_1_91' title='bbox 503 1337 532 1393; x_wconf 91' lang='lat' dir='ltr'>et</span> <span class='ocrx_word' id='word_1_92' title='bbox 560 1335 711 1394; x_wconf 90' lang='lat' dir='ltr'>commode</span> <span class='ocrx_word' id='word_1_93' title='bbox 745 1337 878 1410; x_wconf 87' lang='lat' dir='ltr'>omnino,</span> <span class='ocrx_word' id='word_1_94' title='bbox 912 1336 964 1394; x_wconf 91' lang='lat' dir='ltr'>sed</span> <span class='ocrx_word' id='word_1_95' title='bbox 990 1338 1039 1410; x_wconf 92' lang='lat' dir='ltr'>ut,</span> <span class='ocrx_word' id='word_1_96' title='bbox 1072 1337 1099 1394; x_wconf 89' lang='lat' dir='ltr'>si</span> 
     </span>
     <span class='ocr_line' id='line_1_13' title="bbox 79 1423 1097 1500; baseline 0 -18"><span class='ocrx_word' id='word_1_97' title='bbox 79 1441 227 1482; x_wconf 84' lang='lat' dir='ltr'>summam</span> <span class='ocrx_word' id='word_1_98' title='bbox 250 1425 380 1499; x_wconf 86' lang='lat' dir='ltr'>spectas,</span> <span class='ocrx_word' id='word_1_99' title='bbox 408 1423 493 1481; x_wconf 88' lang='lat' dir='ltr'>nulla</span> <span class='ocrx_word' id='word_1_100' title='bbox 517 1423 577 1481; x_wconf 85' lang='lat' dir='ltr'>alia</span> <span class='ocrx_word' id='word_1_101' title='bbox 600 1443 635 1482; x_wconf 88' lang='lat' dir='ltr'>ex</span> <span class='ocrx_word' id='word_1_102' title='bbox 657 1443 689 1482; x_wconf 92' lang='lat' dir='ltr'>re</span> <span class='ocrx_word' id='word_1_103' title='bbox 712 1426 779 1500; x_wconf 89' lang='lat' dir='ltr'>ipsa</span> <span class='ocrx_word' id='word_1_104' title='bbox 801 1426 898 1500; x_wconf 88' lang='lat' dir='ltr'>petita</span> <span class='ocrx_word' id='word_1_105' title='bbox 921 1424 1030 1483; x_wconf 82' lang='lat' dir='ltr'>divisio</span> <span class='ocrx_word' id='word_1_106' title='bbox 1053 1425 1097 1482; x_wconf 93' lang='lat' dir='ltr'>in·</span> 
     </span>
     <span class='ocr_line' id='line_1_14' title="bbox 77 1512 1098 1588; baseline 0.001 -17"><span class='ocrx_word' id='word_1_107' title='bbox 77 1515 175 1572; x_wconf 89' lang='lat' dir='ltr'>veniri</span> <span class='ocrx_word' id='word_1_108' title='bbox 198 1530 284 1588; x_wconf 88' lang='lat' dir='ltr'>posse</span> <span class='ocrx_word' id='word_1_109' title='bbox 307 1512 459 1571; x_wconf 84' lang='lat' dir='ltr'>videatur:</span> <span class='ocrx_word' id='word_1_110' title='bbox 485 1512 516 1570; x_wconf 93' lang='lat' dir='ltr'>id</span> <span class='ocrx_word' id='word_1_111' title='bbox 539 1513 631 1588; x_wconf 91' lang='lat' dir='ltr'>quod,</span> <span class='ocrx_word' id='word_1_112' title='bbox 655 1531 723 1572; x_wconf 88' lang='lat' dir='ltr'>cnm</span> <span class='ocrx_word' id='word_1_113' title='bbox 745 1514 874 1572; x_wconf 87' lang='lat' dir='ltr'>fontium</span> <span class='ocrx_word' id='word_1_114' title='bbox 897 1515 971 1571; x_wconf 90' lang='lat' dir='ltr'>iuris</span> <span class='ocrx_word' id='word_1_115' title='bbox 994 1515 1026 1570; x_wconf 91' lang='lat' dir='ltr'>in</span> <span class='ocrx_word' id='word_1_116' title='bbox 1049 1515 1098 1572; x_wconf 87' lang='lat' dir='ltr'>ius</span> 
     </span>
     <span class='ocr_line' id='line_1_15' title="bbox 79 1601 1097 1679; baseline -0.001 -18"><span class='ocrx_word' id='word_1_117' title='bbox 79 1604 214 1679; x_wconf 85' lang='lat' dir='ltr'>gentium</span> <span class='ocrx_word' id='word_1_118' title='bbox 238 1603 268 1660; x_wconf 92' lang='lat' dir='ltr'>et</span> <span class='ocrx_word' id='word_1_119' title='bbox 290 1603 337 1660; x_wconf 91' lang='lat' dir='ltr'>ius</span> <span class='ocrx_word' id='word_1_120' title='bbox 361 1601 449 1660; x_wconf 79' lang='lat' dir='ltr'>civile</span> <span class='ocrx_word' id='word_1_121' title='bbox 472 1601 580 1660; x_wconf 85' lang='lat' dir='ltr'>divisio</span> <span class='ocrx_word' id='word_1_122' title='bbox 603 1603 665 1660; x_wconf 90' lang='lat' dir='ltr'>iam</span> <span class='ocrx_word' id='word_1_123' title='bbox 688 1621 723 1662; x_wconf 86' lang='lat' dir='ltr'>ex</span> <span class='ocrx_word' id='word_1_124' title='bbox 745 1604 871 1677; x_wconf 86' lang='lat' dir='ltr'>antiqua</span> <span class='ocrx_word' id='word_1_125' title='bbox 889 1601 994 1677; x_wconf 91' lang='lat' dir='ltr'>populi</span> <span class='ocrx_word' id='word_1_126' title='bbox 1013 1602 1097 1660; x_wconf 87' lang='lat' dir='ltr'>Rom.</span> 
     </span>
     <span class='ocr_line' id='line_1_16' title="bbox 78 1690 1098 1768; baseline 0 -20"><span class='ocrx_word' id='word_1_127' title='bbox 78 1690 314 1768; x_wconf 87' lang='lat' dir='ltr'>iurisprudentia</span> <span class='ocrx_word' id='word_1_128' title='bbox 337 1691 454 1748; x_wconf 88' lang='lat' dir='ltr'>retenta</span> <span class='ocrx_word' id='word_1_129' title='bbox 477 1691 530 1764; x_wconf 88' lang='lat' dir='ltr'>sit,</span> <span class='ocrx_word' id='word_1_130' title='bbox 553 1693 680 1750; x_wconf 85' lang='lat' dir='ltr'>maxime</span> <span class='ocrx_word' id='word_1_131' title='bbox 704 1691 786 1750; x_wconf 85' lang='lat' dir='ltr'>cadit</span> <span class='ocrx_word' id='word_1_132' title='bbox 808 1694 840 1749; x_wconf 92' lang='lat' dir='ltr'>in</span> <span class='ocrx_word' id='word_1_133' title='bbox 863 1691 990 1749; x_wconf 84' lang='lat' dir='ltr'>alteram</span> <span class='ocrx_word' id='word_1_134' title='bbox 1012 1691 1098 1749; x_wconf 91' lang='lat' dir='ltr'>illam</span> 
     </span>
     <span class='ocr_line' id='line_1_17' title="bbox 79 1779 1097 1856; baseline 0 -18"><span class='ocrx_word' id='word_1_135' title='bbox 79 1784 110 1838; x_wconf 90' lang='lat' dir='ltr'>et</span> <span class='ocrx_word' id='word_1_136' title='bbox 133 1781 226 1856; x_wconf 90' lang='lat' dir='ltr'>plane</span> <span class='ocrx_word' id='word_1_137' title='bbox 253 1798 362 1838; x_wconf 86' lang='lat' dir='ltr'>novam</span> <span class='ocrx_word' id='word_1_138' title='bbox 389 1779 483 1854; x_wconf 91' lang='lat' dir='ltr'>ipsius</span> <span class='ocrx_word' id='word_1_139' title='bbox 510 1781 584 1838; x_wconf 87' lang='lat' dir='ltr'>iuris</span> <span class='ocrx_word' id='word_1_140' title='bbox 606 1780 719 1855; x_wconf 88' lang='lat' dir='ltr'>privati</span> <span class='ocrx_word' id='word_1_141' title='bbox 741 1782 773 1837; x_wconf 92' lang='lat' dir='ltr'>in</span> <span class='ocrx_word' id='word_1_142' title='bbox 795 1779 842 1839; x_wconf 90' lang='lat' dir='ltr'>ius</span> <span class='ocrx_word' id='word_1_143' title='bbox 867 1779 946 1854; x_wconf 92' lang='lat' dir='ltr'>quod</span> <span class='ocrx_word' id='word_1_144' title='bbox 970 1779 1008 1837; x_wconf 92' lang='lat' dir='ltr'>ad</span> <span class='ocrx_word' id='word_1_145' title='bbox 1031 1799 1097 1855; x_wconf 90' lang='lat' dir='ltr'>per-</span> 
     </span>
     <span class='ocr_line' id='line_1_18' title="bbox 79 1860 1097 1950; baseline -0.001 -22"><span class='ocrx_word' id='word_1_146' title='bbox 79 1888 165 1928; x_wconf 87' lang='lat' dir='ltr'>sonas</span> <span class='ocrx_word' id='word_1_147' title='bbox 191 1861 255 1950; x_wconf 88' lang='lat' dir='ltr'>(lib.</span> <span class='ocrx_word' id='word_1_148' title='bbox 274 1861 313 1948; x_wconf 90' lang='lat' dir='ltr'>I),</span> <span class='ocrx_word' id='word_1_149' title='bbox 338 1867 417 1943; x_wconf 91' lang='lat' dir='ltr'>quod</span> <span class='ocrx_word' id='word_1_150' title='bbox 436 1868 539 1926; x_wconf 89' lang='lat' dir='ltr'>adres</span> <span class='ocrx_word' id='word_1_151' title='bbox 558 1860 623 1949; x_wconf 91' lang='lat' dir='ltr'>(lib.</span> <span class='ocrx_word' id='word_1_152' title='bbox 643 1868 682 1926; x_wconf 94' lang='grc' dir='ltr'>ΙΙ.</span> <span class='ocrx_word' id='word_1_153' title='bbox 701 1865 772 1945; x_wconf 87' lang='grc' dir='ltr'><strong>ΙΠ),</strong></span> <span class='ocrx_word' id='word_1_154' title='bbox 796 1888 811 1926; x_wconf 96' lang='lat' dir='ltr'>e</span> <span class='ocrx_word' id='word_1_155' title='bbox 844 1868 924 1944; x_wconf 92' lang='lat' dir='ltr'>quod</span> <span class='ocrx_word' id='word_1_156' title='bbox 943 1867 981 1926; x_wconf 91' lang='lat' dir='ltr'>ad</span> <span class='ocrx_word' id='word_1_157' title='bbox 1005 1871 1097 1927; x_wconf 85' lang='lat' dir='ltr'>actio·</span> 
     </span>
     <span class='ocr_line' id='line_1_19' title="bbox 79 1947 1098 2037; baseline 0.001 -22"><span class='ocrx_word' id='word_1_158' title='bbox 79 1977 128 2017; x_wconf 90' lang='lat' dir='ltr'>nes</span> <span class='ocrx_word' id='word_1_159' title='bbox 152 1957 285 2034; x_wconf 86' lang='lat' dir='ltr'>pertinet</span> <span class='ocrx_word' id='word_1_160' title='bbox 314 1947 378 2037; x_wconf 89' lang='lat' dir='ltr'>(lib.</span> <span class='ocrx_word' id='word_1_161' title='bbox 399 1949 456 2037; x_wconf 91' lang='lat' dir='ltr'>IV)</span> <span class='ocrx_word' id='word_1_162' title='bbox 486 1957 670 2016; x_wconf 88' lang='lat' dir='ltr'>divisionem.</span> <span class='ocrx_word' id='word_1_163' title='bbox 721 1958 800 2016; x_wconf 80' lang='lat' dir='ltr'>Nam</span> <span class='ocrx_word' id='word_1_164' title='bbox 832 1976 898 2016; x_wconf 89' lang='lat' dir='ltr'>cum</span> <span class='ocrx_word' id='word_1_165' title='bbox 931 1975 1016 2015; x_wconf 92' lang='lat' dir='ltr'>omne</span> <span class='ocrx_word' id='word_1_166' title='bbox 1048 1957 1098 2017; x_wconf 91' lang='lat' dir='ltr'>ius</span> 
     </span>
     <span class='ocr_line' id='line_1_20' title="bbox 79 2045 1099 2122; baseline 0 -18"><span class='ocrx_word' id='word_1_167' title='bbox 79 2049 233 2122; x_wconf 82' lang='lat' dir='ltr'>privatum</span> <span class='ocrx_word' id='word_1_168' title='bbox 255 2046 366 2122; x_wconf 87' lang='lat' dir='ltr'>partim</span> <span class='ocrx_word' id='word_1_169' title='bbox 388 2047 421 2104; x_wconf 91' lang='lat' dir='ltr'>in</span> <span class='ocrx_word' id='word_1_170' title='bbox 444 2065 474 2104; x_wconf 91' lang='lat' dir='ltr'>se</span> <span class='ocrx_word' id='word_1_171' title='bbox 498 2047 563 2121; x_wconf 90' lang='lat' dir='ltr'>ipso</span> <span class='ocrx_word' id='word_1_172' title='bbox 588 2051 618 2104; x_wconf 92' lang='lat' dir='ltr'>et</span> <span class='ocrx_word' id='word_1_173' title='bbox 640 2065 693 2121; x_wconf 90' lang='lat' dir='ltr'>per</span> <span class='ocrx_word' id='word_1_174' title='bbox 716 2064 746 2104; x_wconf 90' lang='lat' dir='ltr'>se</span> <span class='ocrx_word' id='word_1_175' title='bbox 766 2049 908 2122; x_wconf 86' lang='lat' dir='ltr'>spectato,</span> <span class='ocrx_word' id='word_1_176' title='bbox 932 2046 1043 2121; x_wconf 86' lang='lat' dir='ltr'>partim</span> <span class='ocrx_word' id='word_1_177' title='bbox 1066 2045 1099 2104; x_wconf 91' lang='lat' dir='ltr'>in</span> 
     </span>
     <span class='ocr_line' id='line_1_21' title="bbox 79 2135 1099 2211; baseline 0.002 -19"><span class='ocrx_word' id='word_1_178' title='bbox 79 2137 155 2211; x_wconf 87' lang='lat' dir='ltr'>iure,</span> <span class='ocrx_word' id='word_1_179' title='bbox 190 2153 258 2194; x_wconf 91' lang='lat' dir='ltr'>cum</span> <span class='ocrx_word' id='word_1_180' title='bbox 289 2135 321 2192; x_wconf 92' lang='lat' dir='ltr'>in</span> <span class='ocrx_word' id='word_1_181' title='bbox 353 2137 586 2194; x_wconf 86' lang='lat' dir='ltr'>controversiam</span> <span class='ocrx_word' id='word_1_182' title='bbox 618 2138 755 2209; x_wconf 89' lang='lat' dir='ltr'>vocatur,</span> <span class='ocrx_word' id='word_1_183' title='bbox 788 2136 928 2194; x_wconf 87' lang='lat' dir='ltr'>adversus</span> <span class='ocrx_word' id='word_1_184' title='bbox 956 2135 1099 2194; x_wconf 90' lang='lat' dir='ltr'>iniuriam</span> 
     </span>
     <span class='ocr_line' id='line_1_22' title="bbox 79 2223 1098 2300; baseline -0.001 -17"><span class='ocrx_word' id='word_1_185' title='bbox 79 2223 240 2283; x_wconf 89' lang='lat' dir='ltr'>obtinendo</span> <span class='ocrx_word' id='word_1_186' title='bbox 272 2223 428 2297; x_wconf 80' lang='lat' dir='ltr'>consistat,</span> <span class='ocrx_word' id='word_1_187' title='bbox 459 2226 617 2300; x_wconf 91' lang='lat' dir='ltr'>ipsumque</span> <span class='ocrx_word' id='word_1_188' title='bbox 649 2226 696 2283; x_wconf 92' lang='lat' dir='ltr'>ius</span> <span class='ocrx_word' id='word_1_189' title='bbox 728 2243 830 2284; x_wconf 89' lang='lat' dir='ltr'>rursus</span> <span class='ocrx_word' id='word_1_190' title='bbox 862 2227 915 2283; x_wconf 91' lang='lat' dir='ltr'>aut</span> <span class='ocrx_word' id='word_1_191' title='bbox 948 2241 1098 2299; x_wconf 87' lang='lat' dir='ltr'>personas,</span> 
     </span>
     <span class='ocr_line' id='line_1_23' title="bbox 79 2313 1098 2390; baseline -0.001 -19"><span class='ocrx_word' id='word_1_192' title='bbox 79 2315 186 2388; x_wconf 90' lang='lat' dir='ltr'>quibus</span> <span class='ocrx_word' id='word_1_193' title='bbox 215 2313 371 2389; x_wconf 90' lang='lat' dir='ltr'>competit,</span> <span class='ocrx_word' id='word_1_194' title='bbox 397 2314 552 2388; x_wconf 78' lang='lat' dir='ltr'>respiciat,</span> <span class='ocrx_word' id='word_1_195' title='bbox 582 2316 717 2390; x_wconf 88' lang='lat' dir='ltr'>autres,</span> <span class='ocrx_word' id='word_1_196' title='bbox 746 2333 822 2389; x_wconf 88' lang='lat' dir='ltr'>quae</span> <span class='ocrx_word' id='word_1_197' title='bbox 850 2315 983 2390; x_wconf 85' lang='lat' dir='ltr'>personis</span> <span class='ocrx_word' id='word_1_198' title='bbox 1006 2314 1098 2372; x_wconf 90' lang='lat' dir='ltr'>inser-</span> 
     </span>
     <span class='ocr_line' id='line_1_24' title="bbox 79 2401 1099 2478; baseline -0.002 -17"><span class='ocrx_word' id='word_1_199' title='bbox 79 2405 178 2477; x_wconf 84' lang='lat' dir='ltr'>viunt,</span> <span class='ocrx_word' id='word_1_200' title='bbox 203 2402 420 2478; x_wconf 87' lang='lat' dir='ltr'>apprehendat,</span> <span class='ocrx_word' id='word_1_201' title='bbox 444 2401 546 2462; x_wconf 89' lang='lat' dir='ltr'>addito</span> <span class='ocrx_word' id='word_1_202' title='bbox 570 2419 604 2460; x_wconf 88' lang='lat' dir='ltr'>eo</span> <span class='ocrx_word' id='word_1_203' title='bbox 628 2404 705 2476; x_wconf 90' lang='lat' dir='ltr'>iure,</span> <span class='ocrx_word' id='word_1_204' title='bbox 734 2403 814 2478; x_wconf 92' lang='lat' dir='ltr'>quod</span> <span class='ocrx_word' id='word_1_205' title='bbox 838 2405 969 2461; x_wconf 78' lang='lat' dir='ltr'>actiones</span> <span class='ocrx_word' id='word_1_206' title='bbox 993 2419 1099 2478; x_wconf 91' lang='lat' dir='ltr'>appre-</span> 
     </span>
     <span class='ocr_line' id='line_1_25' title="bbox 79 2491 1100 2566; baseline -0.002 -16"><span class='ocrx_word' id='word_1_207' title='bbox 79 2492 184 2550; x_wconf 88' lang='lat' dir='ltr'>hendit</span> <span class='ocrx_word' id='word_1_208' title='bbox 213 2491 326 2549; x_wconf 85' lang='lat' dir='ltr'>civibus</span> <span class='ocrx_word' id='word_1_209' title='bbox 348 2492 489 2566; x_wconf 87' lang='lat' dir='ltr'>privatis,</span> <span class='ocrx_word' id='word_1_210' title='bbox 517 2491 626 2566; x_wconf 89' lang='lat' dir='ltr'>quibus</span> <span class='ocrx_word' id='word_1_211' title='bbox 653 2491 794 2549; x_wconf 85' lang='lat' dir='ltr'>iniuriam</span> <span class='ocrx_word' id='word_1_212' title='bbox 820 2493 1009 2566; x_wconf 89' lang='lat' dir='ltr'>propulsent,</span> <span class='ocrx_word' id='word_1_213' title='bbox 1039 2510 1100 2549; x_wconf 89' lang='lat' dir='ltr'>non</span> 
     </span>
     <span class='ocr_line' id='line_1_26' title="bbox 81 2579 1099 2656; baseline -0.003 -17"><span class='ocrx_word' id='word_1_214' title='bbox 81 2582 180 2639; x_wconf 90' lang='lat' dir='ltr'>minus</span> <span class='ocrx_word' id='word_1_215' title='bbox 205 2599 296 2656; x_wconf 86' lang='lat' dir='ltr'>quom</span> <span class='ocrx_word' id='word_1_216' title='bbox 318 2579 437 2654; x_wconf 88' lang='lat' dir='ltr'>populis</span> <span class='ocrx_word' id='word_1_217' title='bbox 461 2579 532 2637; x_wconf 92' lang='lat' dir='ltr'>belli</span> <span class='ocrx_word' id='word_1_218' title='bbox 555 2581 601 2638; x_wconf 90' lang='lat' dir='ltr'>ius</span> <span class='ocrx_word' id='word_1_219' title='bbox 625 2583 833 2654; x_wconf 82' lang='lat' dir='ltr'>competentes,</span> <span class='ocrx_word' id='word_1_220' title='bbox 856 2583 916 2639; x_wconf 90' lang='lat' dir='ltr'>tres</span> <span class='ocrx_word' id='word_1_221' title='bbox 940 2580 1012 2638; x_wconf 88' lang='lat' dir='ltr'>illae</span> <span class='ocrx_word' id='word_1_222' title='bbox 1030 2598 1099 2654; x_wconf 88' lang='lat' dir='ltr'>par·</span> 
     </span>
     <span class='ocr_line' id='line_1_27' title="bbox 78 2661 1100 2746; baseline -0.002 -18"><span class='ocrx_word' id='word_1_223' title='bbox 78 2672 122 2728; x_wconf 88' lang='lat' dir='ltr'>tes</span> <span class='ocrx_word' id='word_1_224' title='bbox 145 2671 235 2746; x_wconf 87' lang='lat' dir='ltr'>quasi</span> <span class='ocrx_word' id='word_1_225' title='bbox 258 2672 363 2744; x_wconf 90' lang='lat' dir='ltr'>sponte</span> <span class='ocrx_word' id='word_1_226' title='bbox 386 2661 577 2726; x_wconf 85' lang='lat' dir='ltr'>nascuntur.1</span> <span class='ocrx_word' id='word_1_227' title='bbox 622 2669 662 2727; x_wconf 78' lang='lat' dir='ltr'>at</span> <span class='ocrx_word' id='word_1_228' title='bbox 681 2669 819 2729; x_wconf 89' lang='lat' dir='ltr'>similiter</span> <span class='ocrx_word' id='word_1_229' title='bbox 837 2670 970 2744; x_wconf 83' lang='lat' dir='ltr'>ipsarum</span> <span class='ocrx_word' id='word_1_230' title='bbox 992 2670 1100 2726; x_wconf 90' lang='lat' dir='ltr'>harum</span> 
     </span>
    </p>
   </div>
   <div class='ocr_carea' id='block_1_3' title="bbox 78 2873 1115 3726">
    <p class='ocr_par' dir='ltr' id='par_1_3' title="bbox 78 2873 1115 3726">
     <span class='ocr_line' id='line_1_28' title="bbox 151 2873 1115 2944; baseline -0.004 -15"><span class='ocrx_word' id='word_1_231' title='bbox 151 2877 178 2944; x_wconf 81' lang='lat'>1)</span> <span class='ocrx_word' id='word_1_232' title='bbox 199 2873 259 2940; x_wconf 85' lang='lat' dir='ltr'>Quo</span> <span class='ocrx_word' id='word_1_233' title='bbox 291 2874 382 2944; x_wconf 82' lang='lat' dir='ltr'>magis</span> <span class='ocrx_word' id='word_1_234' title='bbox 410 2878 511 2943; x_wconf 90' lang='lat' dir='ltr'>postea</span> <span class='ocrx_word' id='word_1_235' title='bbox 542 2874 612 2942; x_wconf 88' lang='lat' dir='ltr'>ipsis</span> <span class='ocrx_word' id='word_1_236' title='bbox 641 2873 754 2943; x_wconf 86' lang='lat' dir='ltr'>populis</span> <span class='ocrx_word' id='word_1_237' title='bbox 782 2873 834 2926; x_wconf 89' lang='lat' dir='ltr'>sub</span> <span class='ocrx_word' id='word_1_238' title='bbox 861 2874 960 2943; x_wconf 82' lang='lat' dir='ltr'>iugum</span> <span class='ocrx_word' id='word_1_239' title='bbox 987 2873 1115 2941; x_wconf 56' lang='lat' dir='ltr'>imperii*</span> 
     </span>
     <span class='ocr_line' id='line_1_29' title="bbox 80 2944 1100 3015; baseline -0.004 -15"><span class='ocrx_word' id='word_1_240' title='bbox 80 2947 204 3000; x_wconf 88' lang='lat' dir='ltr'>redactis</span> <span class='ocrx_word' id='word_1_241' title='bbox 224 2946 313 2999; x_wconf 85' lang='lat' dir='ltr'>etiam</span> <span class='ocrx_word' id='word_1_242' title='bbox 331 2946 457 3000; x_wconf 89' lang='lat' dir='ltr'>actiones</span> <span class='ocrx_word' id='word_1_243' title='bbox 475 2945 627 3015; x_wconf 87' lang='lat' dir='ltr'>paullatim</span> <span class='ocrx_word' id='word_1_244' title='bbox 646 2945 875 2999; x_wconf 86' lang='lat' dir='ltr'>extraordinariis</span> <span class='ocrx_word' id='word_1_245' title='bbox 898 2944 1100 3014; x_wconf 87' lang='lat' dir='ltr'>persecutioni-</span> 
     </span>
     <span class='ocr_line' id='line_1_30' title="bbox 80 3015 1099 3085; baseline -0.001 -15"><span class='ocrx_word' id='word_1_246' title='bbox 80 3017 131 3072; x_wconf 91' lang='lat' dir='ltr'>bus</span> <span class='ocrx_word' id='word_1_247' title='bbox 151 3033 269 3083; x_wconf 89' lang='lat' dir='ltr'>cesserc,</span> <span class='ocrx_word' id='word_1_248' title='bbox 291 3017 321 3069; x_wconf 88' lang='lat' dir='ltr'>in</span> <span class='ocrx_word' id='word_1_249' title='bbox 340 3017 443 3084; x_wconf 88' lang='lat' dir='ltr'>quibus</span> <span class='ocrx_word' id='word_1_250' title='bbox 462 3035 519 3071; x_wconf 92' lang='lat' dir='ltr'>non</span> <span class='ocrx_word' id='word_1_251' title='bbox 537 3019 597 3070; x_wconf 85' lang='lat' dir='ltr'>tam</span> <span class='ocrx_word' id='word_1_252' title='bbox 615 3018 709 3070; x_wconf 91' lang='lat' dir='ltr'>nostro</span> <span class='ocrx_word' id='word_1_253' title='bbox 728 3017 789 3070; x_wconf 91' lang='lat' dir='ltr'>iure</span> <span class='ocrx_word' id='word_1_254' title='bbox 807 3017 917 3085; x_wconf 89' lang='lat' dir='ltr'>privato</span> <span class='ocrx_word' id='word_1_255' title='bbox 936 3017 967 3069; x_wconf 92' lang='lat' dir='ltr'>in</span> <span class='ocrx_word' id='word_1_256' title='bbox 985 3015 1099 3080; x_wconf 84' lang='lat' dir='ltr'>iudicio,</span> 
     </span>
     <span class='ocr_line' id='line_1_31' title="bbox 78 3087 1101 3158; baseline -0.003 -16"><span class='ocrx_word' id='word_1_257' title='bbox 78 3090 154 3158; x_wconf 90' lang='lat' dir='ltr'>quod</span> <span class='ocrx_word' id='word_1_258' title='bbox 182 3089 265 3142; x_wconf 91' lang='lat' dir='ltr'>nobis</span> <span class='ocrx_word' id='word_1_259' title='bbox 289 3088 420 3154; x_wconf 86' lang='lat' dir='ltr'>debetur,</span> <span class='ocrx_word' id='word_1_260' title='bbox 448 3089 643 3158; x_wconf 87' lang='lat' dir='ltr'>persequimur</span> <span class='ocrx_word' id='word_1_261' title='bbox 661 3089 712 3156; x_wconf 82' lang='lat' dir='ltr'>(pr.</span> <span class='ocrx_word' id='word_1_262' title='bbox 732 3087 752 3141; x_wconf 94' lang='lat' dir='ltr'>I.</span> <span class='ocrx_word' id='word_1_263' title='bbox 773 3088 808 3140; x_wconf 91' lang='lat' dir='ltr'>de</span> <span class='ocrx_word' id='word_1_264' title='bbox 827 3089 880 3140; x_wconf 82' lang='lat' dir='ltr'>oct.</span> <span class='ocrx_word' id='word_1_265' title='bbox 902 3092 932 3155; x_wconf 83' lang='lat'>4,</span> <span class='ocrx_word' id='word_1_266' title='bbox 948 3089 987 3155; x_wconf 86' lang='lat'>6),</span> <span class='ocrx_word' id='word_1_267' title='bbox 1016 3103 1101 3154; x_wconf 84' lang='lat' dir='ltr'>quam</span> 
     </span>
     <span class='ocr_line' id='line_1_32' title="bbox 79 3157 1100 3228; baseline -0.002 -16"><span class='ocrx_word' id='word_1_268' title='bbox 79 3178 184 3214; x_wconf 87' lang='lat' dir='ltr'>novum</span> <span class='ocrx_word' id='word_1_269' title='bbox 203 3160 248 3212; x_wconf 88' lang='lat' dir='ltr'>ius</span> <span class='ocrx_word' id='word_1_270' title='bbox 267 3159 303 3212; x_wconf 85' lang='lat' dir='ltr'>ab</span> <span class='ocrx_word' id='word_1_271' title='bbox 322 3159 441 3228; x_wconf 84' lang='lat' dir='ltr'>imperio</span> <span class='ocrx_word' id='word_1_272' title='bbox 455 3160 580 3228; x_wconf 90' lang='lat' dir='ltr'>pendens</span> <span class='ocrx_word' id='word_1_273' title='bbox 595 3157 706 3211; x_wconf 84' lang='lat' dir='ltr'>indulta</span> <span class='ocrx_word' id='word_1_274' title='bbox 721 3175 738 3212; x_wconf 90' lang='lat' dir='ltr'>a</span> <span class='ocrx_word' id='word_1_275' title='bbox 751 3159 921 3228; x_wconf 82' lang='lat' dir='ltr'>magistratu</span> <span class='ocrx_word' id='word_1_276' title='bbox 939 3157 1100 3226; x_wconf 86' lang='lat' dir='ltr'>cognitione</span> 
     </span>
     <span class='ocr_line' id='line_1_33' title="bbox 80 3229 1101 3299; baseline -0.003 -14"><span class='ocrx_word' id='word_1_277' title='bbox 80 3247 209 3286; x_wconf 88' lang='lat' dir='ltr'>exercere</span> <span class='ocrx_word' id='word_1_278' title='bbox 233 3229 375 3296; x_wconf 87' lang='lat' dir='ltr'>videmur,</span> <span class='ocrx_word' id='word_1_279' title='bbox 403 3233 483 3284; x_wconf 85' lang='lat' dir='ltr'>tento</span> <span class='ocrx_word' id='word_1_280' title='bbox 511 3229 602 3299; x_wconf 86' lang='lat' dir='ltr'>magis</span> <span class='ocrx_word' id='word_1_281' title='bbox 631 3229 704 3282; x_wconf 89' lang='lat' dir='ltr'>actio</span> <span class='ocrx_word' id='word_1_282' title='bbox 728 3230 843 3298; x_wconf 87' lang='lat' dir='ltr'>propria</span> <span class='ocrx_word' id='word_1_283' title='bbox 866 3230 1005 3298; x_wconf 89' lang='lat' dir='ltr'>quaedam</span> <span class='ocrx_word' id='word_1_284' title='bbox 1032 3229 1101 3282; x_wconf 87' lang='lat' dir='ltr'>iuris</span> 
     </span>
     <span class='ocr_line' id='line_1_34' title="bbox 80 3300 1100 3386; baseline -0.003 -30"><span class='ocrx_word' id='word_1_285' title='bbox 80 3303 183 3372; x_wconf 85' lang='lat' dir='ltr'>privati</span> <span class='ocrx_word' id='word_1_286' title='bbox 204 3301 286 3384; x_wconf 78' lang='lat' dir='ltr'>quasi</span> <span class='ocrx_word' id='word_1_287' title='bbox 305 3301 465 3386; x_wconf 72' lang='lat' dir='ltr'>substantia</span> <span class='ocrx_word' id='word_1_288' title='bbox 484 3317 544 3384; x_wconf 82' lang='lat' dir='ltr'>esse</span> <span class='ocrx_word' id='word_1_289' title='bbox 564 3300 662 3366; x_wconf 89' lang='lat' dir='ltr'>desiit,</span> <span class='ocrx_word' id='word_1_290' title='bbox 683 3301 720 3382; x_wconf 82' lang='lat' dir='ltr'>ad</span> <span class='ocrx_word' id='word_1_291' title='bbox 739 3318 824 3369; x_wconf 91' lang='lat' dir='ltr'>quam</span> <span class='ocrx_word' id='word_1_292' title='bbox 843 3301 878 3354; x_wconf 90' lang='lat' dir='ltr'>ab</span> <span class='ocrx_word' id='word_1_293' title='bbox 897 3301 972 3383; x_wconf 86' lang='lat' dir='ltr'>ipso,</span> <span class='ocrx_word' id='word_1_294' title='bbox 992 3316 1026 3353; x_wconf 86' lang='lat' dir='ltr'>ex</span> <span class='ocrx_word' id='word_1_295' title='bbox 1045 3317 1100 3382; x_wconf 82' lang='lat' dir='ltr'>quo</span> 
     </span>
     <span class='ocr_line' id='line_1_35' title="bbox 81 3370 1101 3512; baseline -0.003 -14"><span class='ocrx_word' id='word_1_296' title='bbox 81 3370 1101 3512; x_wconf 51' lang='lat' dir='ltr'>terminant,tapetaspitin,standai</span> 
     </span>
     <span class='ocr_line' id='line_1_36' title="bbox 82 3514 1102 3585; baseline -0.003 -16"><span class='ocrx_word' id='word_1_297' title='bbox 82 3516 204 3571; x_wconf 90' lang='lat' dir='ltr'>multum</span> <span class='ocrx_word' id='word_1_298' title='bbox 223 3515 358 3568; x_wconf 87' lang='lat' dir='ltr'>interesse</span> <span class='ocrx_word' id='word_1_299' title='bbox 377 3515 518 3569; x_wconf 86' lang='lat' dir='ltr'>videretur</span> <span class='ocrx_word' id='word_1_300' title='bbox 537 3516 575 3585; x_wconf 89' lang='lat' dir='ltr'>(et</span> <span class='ocrx_word' id='word_1_301' title='bbox 594 3531 661 3568; x_wconf 88' lang='lat' dir='ltr'>sane</span> <span class='ocrx_word' id='word_1_302' title='bbox 681 3514 767 3568; x_wconf 88' lang='lat' dir='ltr'>etiam</span> <span class='ocrx_word' id='word_1_303' title='bbox 786 3514 911 3568; x_wconf 81' lang='lat' dir='ltr'>actiones</span> <span class='ocrx_word' id='word_1_304' title='bbox 931 3516 995 3567; x_wconf 90' lang='lat' dir='ltr'>sunt</span> <span class='ocrx_word' id='word_1_305' title='bbox 1016 3529 1102 3581; x_wconf 87' lang='lat' dir='ltr'>quae-</span> 
     </span>
     <span class='ocr_line' id='line_1_37' title="bbox 84 3585 1100 3656; baseline -0.003 -16"><span class='ocrx_word' id='word_1_306' title='bbox 84 3588 147 3641; x_wconf 86' lang='lat' dir='ltr'>dam</span> <span class='ocrx_word' id='word_1_307' title='bbox 176 3586 366 3656; x_wconf 85' lang='lat' dir='ltr'>obligationes</span> <span class='ocrx_word' id='word_1_308' title='bbox 394 3589 435 3653; x_wconf 86' lang='lat' dir='ltr'>et,</span> <span class='ocrx_word' id='word_1_309' title='bbox 464 3586 539 3654; x_wconf 90' lang='lat' dir='ltr'>quod</span> <span class='ocrx_word' id='word_1_310' title='bbox 567 3585 755 3654; x_wconf 86' lang='lat' dir='ltr'>Theophilum</span> <span class='ocrx_word' id='word_1_311' title='bbox 782 3585 820 3638; x_wconf 86' lang='lat' dir='ltr'>HI</span> <span class='ocrx_word' id='word_1_312' title='bbox 849 3591 881 3638; x_wconf 83' lang='lat'>13</span> <span class='ocrx_word' id='word_1_313' title='bbox 896 3603 950 3654; x_wconf 79' lang='lat' dir='ltr'>pr,</span> <span class='ocrx_word' id='word_1_314' title='bbox 975 3585 1014 3638; x_wconf 90' lang='lat' dir='ltr'>IV</span> <span class='ocrx_word' id='word_1_315' title='bbox 1028 3590 1044 3637; x_wconf 87' lang='lat'><strong>6</strong></span> <span class='ocrx_word' id='word_1_316' title='bbox 1059 3602 1100 3653; x_wconf 90' lang='lat' dir='ltr'>pr.</span> 
     </span>
     <span class='ocr_line' id='line_1_38' title="bbox 86 3655 1102 3726; baseline -0.005 -13"><span class='ocrx_word' id='word_1_317' title='bbox 86 3659 207 3713; x_wconf 85' lang='lat' dir='ltr'>maxime</span> <span class='ocrx_word' id='word_1_318' title='bbox 234 3657 324 3712; x_wconf 90' lang='lat' dir='ltr'>movit</span> <span class='ocrx_word' id='word_1_319' title='bbox 347 3660 375 3711; x_wconf 89' lang='lat' dir='ltr'>et</span> <span class='ocrx_word' id='word_1_320' title='bbox 400 3659 430 3711; x_wconf 91' lang='lat' dir='ltr'>in</span> <span class='ocrx_word' id='word_1_321' title='bbox 457 3673 578 3711; x_wconf 87' lang='lat' dir='ltr'>errorem</span> <span class='ocrx_word' id='word_1_322' title='bbox 604 3657 728 3723; x_wconf 87' lang='lat' dir='ltr'>induxit,</span> <span class='ocrx_word' id='word_1_323' title='bbox 757 3655 944 3726; x_wconf 85' lang='lat' dir='ltr'>obligationes</span> <span class='ocrx_word' id='word_1_324' title='bbox 972 3656 1102 3724; x_wconf 83' lang='lat' dir='ltr'>inprimis</span> 
     </span>
    </p>
   </div>
   <div class='ocr_carea' id='block_1_4' title="bbox 0 0 1285 4082">
    <p class='ocr_par' dir='ltr' id='par_1_4' title="bbox 0 0 1285 4082">
     <span class='ocr_line' id='line_1_39' title="bbox 0 0 1285 4082; baseline 0 0"><span class='ocrx_word' id='word_1_325' title='bbox 0 0 1285 4082; x_wconf 95' lang='lat' dir='ltr'> </span> 
     </span>
    </p>
   </div>
  </div>
 </body>
</html>
