2516 4074
333 225 395 282 GM
417 225 544 280 INSTIT.
563 227 588 280 11
609 232 755 280 145-148.
1007 227 1048 290 87

51 415 85 456 ex
109 413 142 456 aa
170 411 266 455 nemo
294 391 386 454 heres
415 391 563 454 extiterit.
610 390 673 454 145.
702 389 776 454 Alio
801 412 929 474 quoque
954 391 1049 454 mode

50 483 230 545 testamenta
253 481 322 544 iure
345 479 430 544 faeta
457 479 686 562 infirmanturl,
714 481 802 544 uelut
830 500 899 543 uum
927 479 967 561 is,
995 481 1050 561 qui

51 569 149 634 feeerit
170 573 410 650 testamentum,
433 569 541 650 kapite
565 565 766 632 deminutus²
788 569 842 652 sit3
872 568 959 650 quod
982 569 1049 650 qui-

51 661 101 722 bus
130 658 234 722 modis
267 658 402 739 aecidat,
435 658 537 740 primo
572 657 799 722 commentario
828 657 964 722 relatum
993 662 1048 720 est.

51 747 104 812 148.
131 745 202 812 Hoe
230 751 338 810 autem
366 767 441 812 casu
464 744 568 829 intrita
591 746 661 810 fieri
683 750 875 810 testamenta
899 746 1050 827 dicemus,
1069 756 1101 803 91

52 858 113 901 cum
135 837 280 919 alioquin
302 839 334 898 et
357 857 438 918 quae
461 839 662 917 rumpuntuu,
685 836 781 900 inrita
803 836 896 916 fiant,
923 840 951 898 et
972 855 1051 916 qaae

51 927 145 990 statim
172 925 213 990 ab
239 926 331 989 initia
360 945 424 990 aaa
446 925 514 988 iure
535 925 624 1006 duat,
647 926 748 988 inrita
769 925 848 1000 stan
880 925 935 988 sed
956 929 984 988 et
1005 945 1049 1000 ea,

52 1035 118 1097 quae
142 1015 212 1078 itae
237 1015 324 1094 factu
350 1019 424 1078 suut
450 1019 478 1078 et
499 1019 607 1094 postea
624 1019 752 1094 propter
774 1014 886 1094 eapitis
910 1014 1051 1078 demina

52 1106 152 1168 tionem
178 1105 281 1168 inrita
307 1104 399 1184 duat,
428 1107 562 1184 possunt
589 1102 690 1166 nihilo
720 1103 825 1166 minus
857 1105 952 1185 rupta
980 1102 1050 1166 diui.

53 1194 97 1256 sed
119 1192 193 1275 quia
216 1213 292 1256 sane
315 1191 513 1256 commodius
538 1195 605 1256 erat
624 1192 766 1276 singulas
786 1211 895 1256 causas
916 1192 1050 1276 singulis

53 1282 309 1364 appellationibus
333 1281 501 1366 distingui,
528 1280 599 1345 ideo
624 1280 779 1363 quaedam
802 1302 869 1344 non
891 1281 959 1344 iure
982 1281 1051 1358 fieri

54 1371 198 1453 dicuntur,
221 1370 377 1453 quaedam
401 1369 468 1434 iure
491 1369 576 1433 faeta
599 1371 705 1452 rumpi
728 1371 781 1434 uel
803 1369 899 1434 inrita
922 1370 999 1433 fieri.

11 1525 12 1528 ,
107 1459 169 1524 147.
196 1457 274 1524 Non
299 1463 409 1522 tamen
436 1479 492 1540 per
519 1459 627 1522 omnia
649 1458 776 1522 inutilia
799 1461 874 1522 sunt
897 1480 934 1522 ea
956 1462 1051 1522 testa·

54 1553 156 1631 menta,
179 1571 261 1631 quae
283 1549 337 1612 uel
359 1548 398 1611 ab
422 1548 513 1614 initio
537 1570 604 1612 non
625 1549 693 1612 iure
716 1546 894 1611 factasunt
913 1548 1052 1610 ueliure

54 1637 126 1702 taeta
142 1641 254 1720 postea
272 1638 368 1700 imita
386 1637 471 1702 faeta
489 1642 545 1700 uut
562 1641 657 1718 rupta
676 1641 757 1700 sunt.
786 1657 861 1700 num
881 1637 907 1698 si
929 1640 1051 1718 septem

54 1728 170 1790 testium
194 1727 294 1812 signis
319 1727 444 1811 signata
472 1726 536 1788 sint
560 1729 761 1807 testamenta,
784 1729 891 1807 potest
914 1725 1051 1808 scriptus

55 1816 131 1879 heres
154 1816 329 1880 seeundum
352 1815 477 1878 tabulas
500 1815 658 1878 bonorum
682 1815 916 1896 possessionem
936 1819 1052 1896 petere,

55 1905 185 1969 simodo
211 1905 379 1968 defunctus
403 1907 538 1968 testator
561 1908 593 1966 et
621 1904 700 1967 ciuis
723 1902 888 1968 Romanus
917 1907 949 1966 et
977 1925 1052 1966 suae

56 1995 209 2074 potestatis
233 1993 346 2058 mortis
369 1997 514 2075 tempore
537 1993 642 2056 fuerit.
675 2014 750 2056 nam
774 1992 800 2056 si
824 1992 895 2056 idea
919 1992 1052 2055 inritum

55 2082 161 2146 fautum
193 2079 253 2146 sis³
284 2086 526 2164 testamentum,
563 2082 649 2164 quod
685 2085 763 2164 puta
800 2081 963 2145 ciuitatem
1000 2081 1053 2143 uel

55 2172 138 2234 etiam
160 2172 342 2236 libertatem
365 2175 500 2236 testator
523 2171 629 2234 amisit
657 2175 712 2234 aut
736 2167 829 2252 quia*
852 2170 886 2232 in
908 2169 1052 2252 adoptio-

55 2281 116 2322 nem
147 2282 180 2324 se
212 2260 299 2324 dedit
331 2265 359 2323 et
389 2260 501 2324 mortis
533 2263 678 2342 tempore
710 2259 744 2322 in
777 2259 920 2340 adoptiui
953 2259 1051 2340 patris

55 2352 199 2429 potestate
222 2349 294 2431 fuit,
317 2371 383 2412 non
406 2352 512 2431 potest
536 2349 672 2432 scriptus
696 2349 787 2412 heres
811 2347 986 2412 seeundum
1006 2352 1052 2410 ta-

55 2436 133 2500 bulas
160 2440 319 2504 bonorum
348 2438 582 2520 possessionem
610 2442 724 2520 petere.
770 2435 833 2501 148.
866 2437 928 2517 Qui
950 2443 1052 2500 autem

56 2527 216 2590 seeundum
238 2527 364 2590 tabulas
387 2527 580 2607 testamenti,
599 2548 680 2608 quae
699 2529 754 2590 aut
774 2525 882 2589 statim
901 2527 940 2590 ab
960 2527 1052 2590 initio

118 2721 141 2788 1)
155 2719 314 2772 infirmatur
327 2719 359 2772 V.
416 2721 442 2788 2)
461 2704 583 2772 iduv.
636 2722 662 2788 3)
677 2718 784 2771 factum
799 2719 837 2771 sit
855 2721 923 2772 luet.
951 2717 1051 2771 fie?V.
1092 2695 1102 2712 ’

56 2789 76 2856 4)
93 2793 138 2842 aut
156 2791 223 2858 quia
243 2793 311 2844 Iast.
350 2792 401 2843 uut
419 2789 463 2843 his
482 2789 515 2843 V.

57 2900 255 2910 ———————-

115 2973 202 3032 5145.
223 2995 256 3013 =
276 2971 299 3021 Ι.
321 2974 345 3034 2,
361 2974 402 3034 11,
418 2974 442 3020 4.
473 2969 513 3033 Of.
536 2969 796 3036 (1212212212.
827 2969 885 3036 usp.
906 2972 987 3032 aad
1014 2968 1051 3019 Ι).

57 3041 91 3100 aa,
105 3044 126 3104 1,
140 3045 164 3107 8,
181 3045 194 3092 1
209 3057 248 3108 sq.
269 3041 344 3108 (aas.
360 3043 430 3108 299).
461 3044 502 3104 32,
519 3044 560 3105 11,
577 3045 618 3105 11,
634 3045 649 3092 2
670 3040 750 3108 (Pap.
767 3042 836 3107 221).
864 3043 942 3104 aaa,
953 3042 1051 3105 aaa.

57 3108 220 3179 (Ulpiani).
251 3116 293 3176 29,
310 3117 333 3176 7,
348 3115 404 3176 8,3
423 3111 516 3178 (Paul.
532 3114 602 3179 895).
631 3111 699 3164 leid.
720 3112 786 3180 arip.
807 3117 831 3176 5,
848 3115 890 3174 24,
905 3113 929 3163 8.
962 3107 1053 3177 primo

57 3181 153 3252 comm]
172 3182 206 3248 cf.
226 3199 313 3250 supra
333 3187 356 3249 1,
373 3186 423 3234 159
437 3199 474 3249 sq.

116 3257 203 3317 5146.
224 3279 258 3298 =
278 3255 301 3306 Ι.
321 3259 345 3319 2,
363 3258 403 3319 12,
419 3255 486 3319 aa).
517 3253 558 3318 Of.
574 3253 656 3306 Paul.
671 3253 730 3306 coll.
748 3257 788 3316 16,
805 3257 829 3316 a,
845 3257 868 3304 2.
893 3251 930 3304 D.
947 3255 989 3317 aa,
1000 3256 1050 3316 3‚1

60 3320 128 3390 (Pup.
143 3327 195 3392 40).
225 3329 325 3392 38,16,
342 3331 411 3392 lpr.
432 3324 508 3391 (Uip.
526 3327 613 3392 2512).

117 3396 498 3463 §147.=1.2,1‘1‚e(5).
539 3395 579 3459 Of.
605 3395 664 3462 Uip.
686 3400 728 3459 23,
748 3401 771 3447 a.
798 3398 839 3460 aa,
860 3399 883 3446 e.
921 3411 1007 3462 supra
1027 3400 1051 3459 2,

61 3467 100 3515 119
117 3472 139 3520 et
156 3467 196 3520 ibt
213 3469 335 3521 citatos·
365 3522 366 3526 ,

63 3607 87 3655 16
112 3541 203 3668 3ἕ1148.
234 3538 274 3603 Of.
299 3539 358 3606 Uip.
379 3542 460 3604 23‚6.
486 3542 584 3603 28,13.
622 3537 700 3601 iufra
720 3542 744 3600 3,
764 3540 797 3588 35
812 3553 849 3604 sq.
888 3537 969 3592 Paul,
993 3537 1051 3591 coit.
