2516 4074
190 243 253 308 102
485 241 548 296 Gal
565 241 692 296 msam.
711 242 737 296 Π
756 247 903 296 eoa-205.

188 411 272 472 stare
303 410 359 471 aut
390 407 643 471 aestimationem
679 407 746 470 eius
779 406 853 470 dare
885 406 1007 470 debeat.
1054 403 1117 468 2⁰3.
1142 401 1180 465 Ea

188 518 316 581 quoque
343 517 406 578 res,
435 517 516 578 quae
543 496 577 558 in
603 517 709 559 rerum
736 499 850 560 natura
873 517 939 559 non
963 497 1025 576 est,
1052 492 1180 556 simodo

187 587 295 650 futura
314 589 370 668 est,
389 607 447 668 per
464 585 701 648 damnationem
715 585 815 670 legari
832 588 947 668 potest,
961 584 1052 648 uelut
1064 582 1182 662 fructus,

188 677 243 759 qui
266 676 300 738 in
323 675 378 738 illo
402 673 501 738 frmdo
525 673 592 736 nati
616 677 717 755 erunt,
740 677 796 738 aut
819 673 905 756 quod
933 694 972 736 ex
1000 673 1056 736 illa
1082 671 1183 734 ancilla

187 768 299 828 natum
326 764 393 826 erit.
439 761 507 826 2⁰4.
536 760 629 837 Quod
656 767 764 828 autem
791 762 836 826 ita
863 763 1007 848 legatum
1035 764 1095 842 est,
1122 763 1184 842 post

187 853 306 917 aditam
329 850 547 932 hereditatem,
573 852 698 915 etiamsi
720 873 800 934 pure
821 852 965 936 legatum
989 853 1047 932 est,
1065 871 1136 929 non,
1155 851 1185 910 ut

187 965 244 1026 per
270 939 519 1004 uindicationem
547 941 702 1025 legatum,
730 941 881 1004 continuo
909 939 1065 1024 legatario
1089 936 1184 1018 adqui·

187 1033 276 1112 ritur,
300 1030 355 1093 sed
377 1028 478 1092 nihilo
502 1029 607 1092 minus
631 1029 755 1094 heredis
780 1033 842 1093 est:
876 1032 907 1092 et
931 1027 1002 1092 ideo
1026 1027 1184 1112 legatarius

187 1121 221 1184 iu
250 1140 419 1202 personam
449 1139 544 1204 agere
574 1118 681 1200 debet,
714 1118 747 1182 id
778 1123 827 1182 eet
858 1117 1023 1181 intendere
1049 1115 1185 1179 heredem

188 1209 248 1272 sibi
277 1207 351 1272 dare
379 1211 539 1290 oportere,
567 1211 599 1270 et
620 1211 691 1270 tum
713 1207 805 1271 heres
827 1226 905 1283 rem,
934 1207 962 1268 si
984 1205 1124 1288 mancipi
1145 1204 1186 1284 sit,

187 1297 346 1380 mancipio
371 1296 446 1360 dare
468 1299 524 1359 aut
547 1297 580 1359 in
603 1296 671 1360 iure
690 1296 800 1360 cedere
818 1295 1118 1378 possessionemque
1133 1297 1185 1355 tre·

188 1386 260 1449 dere
288 1385 393 1468 debet,
431 1385 457 1447 si
484 1405 544 1448 nec
571 1385 710 1468 mancipi
738 1385 788 1468 sit,
816 1385 950 1466 sufficit,
974 1384 1001 1446 si
1023 1381 1185 1446 tradiderit.

186 1496 261 1538 nam
289 1475 316 1536 si
344 1474 483 1556 mancipi
511 1495 577 1537 rem
605 1477 731 1537 tantum
759 1473 924 1538 tradiderit
951 1493 1011 1536 nec
1039 1471 1186 1553 mancipa-

186 1564 278 1645 uerit,
300 1563 495 1646 usucapione
513 1561 654 1626 demum
673 1563 768 1644 pleno
787 1563 855 1626 iure
872 1564 911 1625 fit
929 1561 1084 1648 legatarii.
1115 1581 1187 1624 com-

186 1654 292 1735 pletur
315 1656 422 1716 autem
444 1651 608 1734 usucapio,
627 1652 710 1715 sicut
728 1652 791 1715 alio
811 1673 940 1734 quoque
958 1652 1031 1715 loco
1052 1649 1187 1728 diximus,

186 1741 353 1804 mobilium
378 1740 505 1823 quidem
527 1761 634 1803 rerum
657 1762 750 1822 anne,
773 1762 881 1804 earum
904 1761 996 1822 uero,
1024 1759 1107 1821 quae
1129 1737 1190 1800 solo

185 1833 366 1911 teneantur,
394 1829 530 1892 biennio
577 1827 643 1892 205.
672 1828 732 1892 ast
759 1833 790 1892 et
818 1829 873 1892 illa
901 1828 1081 1892 differentia
1103 1826 1187 1890 huius

186 1925 215 1982 et
236 1940 292 2001 per
314 1918 562 1982 uindicationem
586 1918 693 2003 legati,
717 1917 803 1999 quod
826 1918 853 1980 si
875 1917 985 1981 eadem
1004 1938 1055 1980 res
1076 1915 1197 1979 dnobus

185 2008 372 2091 pluribusne
390 2028 447 2090 per
466 2003 721 2070 damnationem²
738 2007 844 2091 legata
864 2007 914 2088 sit,
934 2005 1106 2088 siquidem
1124 2025 1187 2067 oon·

186 2097 334 2177 iunctim,
361 2096 456 2178 piane
484 2095 618 2179 singadis
645 2098 753 2178 partes
781 2095 950 2176 debentur,
978 2095 1063 2158 sicut
1086 2095 1120 2156 in
1139 2113 1188 2174 per

186 2185 433 2248 uindicationem
457 2184 563 2269 legato
587 2180 756 2265 diximus³3
778 2185 808 2247 si
829 2205 903 2248 aero
923 2183 1117 2263 disiunctim,
1135 2181 1187 2242 sin-

117 2282 167 2330 107
187 2273 270 2358 gulis
294 2272 395 2336 solida
424 2269 586 2354 debetur43
618 2272 663 2334 ita
690 2273 737 2354 fit,
758 2273 761 2354 Ι
782 2275 819 2335 ut
846 2273 968 2336 scilicet
990 2270 1084 2335 heres
1107 2268 1187 2334 alteri

185 2383 263 2442 rem,
286 2361 377 2424 alteri
400 2360 655 2424 aestimationem
679 2361 746 2424 eius
770 2365 931 2443 praestare
955 2361 1082 2444 debeat3
1111 2358 1187 2422 etin

187 2449 364 2514 coniunctis
389 2448 563 2512 deficientis
587 2449 692 2532 portio
715 2471 782 2513 non
804 2450 845 2512 ad
868 2450 1110 2535 collegatarium
1128 2467 1187 2530 per-

185 2539 275 2619 tinet,
299 2537 353 2600 sed
376 2538 409 2599 in
431 2537 607 2600 hereditate
629 2534 794 2601 1811181188.ὅ

258 2732 283 2800 1)
297 2729 468 2799 usucapione
484 2729 596 2782 demum
607 2730 749 2783 Goeectea.
764 2728 965 2798 usucapionem
974 2729 1008 2782 V.
1066 2732 1092 2798 2)
1102 2725 1190 2780 damni

186 2801 405 2855 contractionem
423 2800 455 2853 V.
561 2804 586 2870 3)
606 2800 635 2852 in
654 2816 704 2868 per
721 2799 943 2854 uindicetionem
962 2799 1059 2868 legato
1078 2799 1189 2852 diximus

186 2873 270 2940 Kale,
292 2870 515 2926 Juristealatec'a’
538 2889 567 2939 p.
584 2877 625 2923 52.
658 2871 688 2922 in
710 2870 760 2924 illo
782 2870 919 2924 uindicaii
940 2888 955 2924 8
976 2889 992 2924 a
1014 2889 1030 2926 8
1051 2891 1067 2924 a
1085 2888 1135 2925 88
1160 2867 1189 2920 V.

186 2947 212 3012 4)
232 2942 338 2997 solidae
358 2943 495 2996 deuentur
513 2942 545 2996 V.
637 2945 663 3010 ὅ)
682 2944 841 2994 remanetur
859 2941 891 2994 V.

257 3126 346 3187 §aas
368 3121 586 3184 =1.a,20,7.
626 3118 667 3183 Of.
689 3119 746 3172 Gai
763 3119 825 3186 epu.
846 3125 870 3184 4,
886 3123 910 3183 8,
927 3124 951 3170 8.
990 3121 1029 3173 1).
1051 3124 1093 3184 ao,
1109 3123 1190 3184 4181.

186 3192 290 3261 (Pomp.
310 3194 381 3261 444).
415 3195 568 3257 38,1,1,3
589 3189 693 3256 (Pomp.
715 3191 784 3258 229).
819 3194 860 3256 32,
877 3194 909 3241 17
921 3207 966 3257 pr.
988 3189 1190 3259 (Marciaue).

186 3268 228 3330 88,
244 3269 268 3329 8,
285 3269 317 3316 18
337 3263 412 3331 (Uip.
432 3262 520 3329 4881).

257 3339 346 3398 8484.
368 3334 409 3399 df.
428 3349 514 3400 supra
533 3335 637 3396 4184,
658 3337 704 3398 41;
724 3336 772 3395 44,
791 3335 839 3397 443
859 3335 900 3384 84.
930 3331 1011 3396 iufra
1031 3339 1056 3397 4,
1071 3337 1130 3385 418.

257 3409 346 3469 5205.
367 3405 408 3470 Of.
430 3403 486 3456 Gar·
504 3403 564 3470 epit.
586 3407 694 3468 a,o,4;
714 3407 737 3454 o.
770 3405 979 3470 eapra2,199.
1021 3404 1139 3472 88841,
1155 3403 1190 3452 13.

186 3476 237 3528 Fr.
259 3476 318 3529 ναι.
339 3480 372 3527 88
392 3474 467 3541 (Uip.
489 3475 575 3541 4888).
606 3477 638 3525 88
659 3498 692 3516 =
711 3474 748 3526 1).
770 3479 794 3538 8,
809 3476 864 3538 4,8
884 3473 961 3540 (Uip.
978 3476 1068 3543 asro).
1097 3475 1133 3526 1).
1153 3475 1191 3533 88,

186 3551 228 3611 84,
248 3551 264 3598 8
284 3546 348 3613 (Iul.
368 3547 438 3612 488).
477 3549 518 3608 ao,
539 3549 581 3608 84,
601 3549 616 3594 8
636 3544 700 3610 (ruz.
720 3546 791 3612 488).
830 3547 872 3607 eo,
889 3548 921 3596 18
933 3561 978 3611 pr.
1000 3544 1106 3613 (Pomp.
1125 3543 1191 3608 448).

186 3622 228 3682 81,
245 3621 286 3684 18,
303 3621 316 3668 1
333 3615 438 3683 (Pomp.
455 3617 524 3682 888).
549 3619 590 3678 81,
607 3617 648 3679 88,
664 3619 679 3665 8
695 3613 795 3681 (Scaea.
811 3616 881 3682 488).
909 3618 952 3680 81,
969 3621 983 3668 r
1000 3615 1093 3684 (Paul.
1110 3613 1192 3680 1188),
