2552 4082
257 229 308 282 AD
328 228 445 285 GAIVM
463 229 639 284 PRAEFAT.
658 229 942 284 Rusellanum.
1016 229 1108 302 XXXI

84 399 213 460 videtur
236 399 436 476 cognitionem
458 401 488 458 et
510 399 656 458 rationem
674 398 821 457 habuisse.
859 397 944 457 Certe
963 398 1107 458 abolitam

87 489 157 547 eius
180 489 280 547 aetate
303 489 429 546 tutelam
450 488 627 546 muliebrem
649 487 750 564 prodit
771 487 890 546 rubrica
913 490 981 546 ante
1006 489 1039 561 2,
1055 489 1105 548 80.

86 576 250 636 Praeterea
267 575 428 634 barbarum
447 595 553 636 aevum
572 577 652 652 sapit
669 577 812 636 vitiorum
831 577 972 651 qualiter,
994 579 1106 652 partim

88 666 328 740 deterrimorum,
351 665 458 740 quibus
481 665 573 724 codex
595 665 721 724 refertus
744 668 801 739 est,
825 683 960 740 quaeque
982 666 1106 740 faciunt,

87 758 126 814 ut
153 773 262 830 parum
289 774 324 814 ex
351 757 416 812 arte
443 773 530 832 agere
557 754 727 828 videantur,
761 755 812 828 qui
839 755 972 828 casibus,
1000 753 1106 829 modis,

87 843 275 920 temporibus
294 845 398 902 contra
415 845 561 902 rationem
577 842 703 918 Gaiique
722 843 830 902 aetatis
848 861 961 902 morem
979 861 998 902 a
1015 843 1105 902 libra·

86 935 137 992 rio
161 934 268 1008 positis
287 932 503 1008 similibusque,
526 933 561 990 ut
578 951 646 990 vere
666 931 771 1006 dicam,
795 931 878 991 vitiis
897 931 1105 991 conservandis

87 1040 202 1100 magna
228 1040 298 1079 cura
325 1021 456 1096 student,
485 1022 571 1096 quasi
593 1023 619 1080 is
643 1022 833 1096 antiquitatis
861 1021 946 1080 testis
974 1023 1051 1080 esset
1073 1023 1105 1080 in

87 1111 174 1170 hisce
201 1109 289 1170 rebus
316 1109 373 1168 fide
401 1110 516 1188 dignus.
567 1109 699 1168 Eandem
727 1111 857 1168 aetatem
886 1109 987 1184 prodit
1009 1110 1105 1168 rubri-

88 1219 196 1258 carum
226 1201 320 1274 ratio,
357 1217 431 1274 quas
458 1191 616 1258 librarius¹
653 1198 778 1276 singulis
810 1199 943 1257 materiis
977 1201 1105 1259 maxime

88 1289 179 1348 initio
209 1289 305 1364 operis
332 1287 525 1364 praescripsit
552 1286 696 1363 quibusve
723 1287 957 1363 praescribendis
987 1288 1106 1364 saepius

88 1378 224 1454 spatium
255 1395 382 1436 vacuum
414 1376 549 1452 reliquit3
580 1376 658 1436 licet
684 1378 761 1434 enim
795 1376 939 1434 eiusmodi
970 1378 1105 1436 rubricas

88 1459 187 1546 (quod
213 1468 312 1542 ipsum
339 1485 446 1525 nomen
474 1465 632 1541 aliquoties
660 1467 797 1524 notatum
823 1466 854 1522 in
880 1463 910 1524 Ο.
938 1459 1103 1546 invenitur)

87 1558 171 1616 sicut
192 1555 422 1630 Responsorum‚
467 1553 680 1624 Quaestionum
708 1555 833 1629 aliisque
860 1555 958 1613 minus
982 1575 1016 1614 ex
1040 1558 1106 1614 arte

86 1651 312 1721 συστηματικῶς
340 1644 458 1720 scriptis
482 1635 532 1723 (of.
556 1643 604 1702 Fr.
623 1643 693 1702 Vat.
719 1635 807 1723 227),
830 1645 878 1717 ᾖε,
902 1643 992 1701 etiam
1015 1643 1103 1702 Insti-

85 1735 242 1792 tutionum
268 1733 353 1792 libris
380 1734 509 1792 inserere
535 1731 654 1790 librarii
679 1734 795 1790 mature
819 1725 988 1806 coeperint²
1010 1724 1105 1813 (quod

163 1975 189 2042 1)
208 1972 282 2026 Nam
300 1974 336 2027 ab
354 1973 417 2042 ipso
432 1971 502 2026 Gaio
517 1989 564 2026 eas
578 1971 719 2042 profectas
740 1989 796 2026 non
815 1987 875 2025 esse
894 1973 952 2026 iam
966 1971 1104 2027 Goesche-

86 2061 143 2097 nus
162 2043 254 2098 Praef.
274 2062 301 2114 p.
317 2043 441 2111 XXVIII,
459 2043 562 2097 XXXV
576 2045 619 2098 ed.
634 2043 747 2096 Lachm.
762 2045 838 2097 recte
852 2043 996 2097 iudicant.
1023 2043 1103 2097 Unde

85 2115 257 2185 Boeclxingii
286 2115 434 2169 consilium
460 2132 517 2168 non
544 2115 641 2185 probo,
670 2115 718 2184 qui
738 2113 812 2168 eac
832 2115 918 2168 etiam
942 2131 1002 2180 eas,
1031 2132 1104 2182 quac

87 2189 189 2242 deesse
208 2187 234 2240 ei
253 2187 330 2240 visae
349 2188 427 2254 sunt,
445 2187 571 2240 rubricas
596 2186 744 2255 supplevit.
782 2185 896 2239 Rectius
915 2187 978 2254 quie
996 2186 1104 2261 feeerit,

86 2259 138 2326 qui
158 2257 203 2312 vel
221 2274 269 2312 eas
289 2258 499 2325 exterminaret,
523 2273 595 2325 quae
617 2274 692 2310 nunc
715 2257 804 2310 invito
823 2257 893 2310 Gaio
916 2257 1020 2311 librum
1043 2259 1102 2312 eius

86 2331 220 2394 onerant;
253 2329 278 2382 is
306 2329 382 2384 enim
408 2329 472 2397 ipsa
500 2329 626 2382 oratione
658 2328 898 2395 divisionibusqne
926 2331 992 2397 apte
1019 2328 1104 2382 factis

85 2401 178 2454 multo
203 2400 312 2453 doctius
336 2400 471 2470 providit,
499 2403 532 2454 ut
554 2400 642 2454 lector
664 2417 721 2454 non
739 2399 824 2470 plane
842 2399 971 2454 indoctus
991 2400 1104 2470 singula

86 2487 218 2542 quaeque
246 2471 331 2525 facile
356 2471 501 2526 inveniret.
544 2471 602 2540 Ipsi
624 2470 734 2524 librarii
757 2470 882 2524 rubricas
906 2471 1037 2524 continuo
1060 2472 1102 2525 in-

87 2544 210 2598 scribere
230 2543 304 2596 circa
322 2541 406 2596 finem
424 2541 488 2608 looi,
507 2543 556 2610 qui
575 2544 618 2596 eet
636 2542 671 2594 de
690 2541 888 2608 contractibus,
906 2542 1037 2596 videntur
1055 2542 1104 2596 de-

87 2615 200 2681 sivisse,
224 2614 316 2680 credo,
335 2614 403 2681 quia
426 2613 559 2667 continue
582 2614 666 2667 lectio
690 2613 720 2666 in
739 2613 841 2666 scholis
864 2630 927 2666 raro
945 2614 1020 2667 ultra
1039 2630 1103 2668 eum

85 2685 181 2741 Iocum
204 2685 364 2754 perveniret
382 2687 411 2739 et
429 2701 464 2738 ex
486 2687 586 2752 quarto
610 2685 810 2738 commentario
829 2701 920 2752 pauca
938 2687 1049 2738 tantum
1067 2685 1103 2737 de

85 2756 262 2822 actionibus,
294 2772 386 2825 pauca
418 2755 453 2810 de
486 2755 697 2825 exceptionibus
728 2755 906 2809 traderentur
937 2755 982 2824 (cf.
1014 2759 1103 2810 const.

87 2828 206 2882 Omnem
224 2829 295 2896 reip.
315 2829 380 2896 51).
419 2825 498 2880 Certe
518 2826 546 2881 Ο.
566 2827 666 2880 Veron.
686 2841 788 2879 vacuas
806 2826 896 2880 lineas
915 2826 1102 2880 inscribendis

84 2899 206 2953 rubricis
217 2899 373 2952 destinatas
383 2914 439 2951 non
450 2899 575 2951 continet
583 2898 638 2950 nisi
647 2913 736 2964 usque
747 2898 783 2950 ad
792 2896 873 2950 illum
882 2896 974 2951 locum
988 2897 1032 2967 (cf.
1044 2900 1100 2951 not.

86 2972 125 3024 ad
140 2975 165 3036 3,
181 2977 246 3035 1413
262 2974 313 3023 168
325 2970 378 3040 [ed.
395 2971 443 3040 t]),
462 2969 511 3022 ubi
526 2969 612 3022 etiam
626 2968 655 3020 in
669 2968 789 3037 Visigot.
805 2969 936 3038 Epitoma
950 2969 1028 3023 tituli
1042 2968 1102 3022 fere

86 3042 231 3107 deficiunt,
250 3043 281 3095 et
298 3043 445 3110 praeterea
467 3042 579 3094 tantum
601 3041 683 3093 initio
703 3056 800 3093 comm.
821 3039 860 3093 IV
879 3041 908 3093 et
926 3043 991 3093 ante
1011 3047 1025 3106 ξ
1042 3045 1102 3094 115.

86 3118 113 3183 2)
133 3113 166 3166 In
184 3129 267 3166 usum
287 3111 445 3166 scholarum
463 3112 640 3180 primumque
658 3111 688 3164 in
707 3110 805 3164 Sabini
824 3111 904 3164 libris
920 3111 956 3163 ad
970 3111 1101 3164 similitu-

85 3185 183 3238 dinem
201 3183 298 3250 edicti,
317 3183 367 3236 ubi
386 3183 422 3236 ab
441 3183 502 3250 ipso
521 3185 650 3251 praetore
668 3182 755 3252 positi
773 3181 852 3235 tituli
873 3181 986 3250 proprie
1006 3181 1103 3250 appel-

84 3256 228 3323 labantur,
247 3254 301 3308 hoo
319 3253 426 3307 factum
445 3270 505 3307 esse
524 3253 656 3323 colligere
670 3253 738 3306 licet
752 3269 786 3307 ex
800 3253 873 3306 Pers.
890 3258 913 3318 5,
929 3258 971 3306 90.
990 3252 1100 3306 Petron.

85 3333 130 3394 46,
149 3328 224 3380 unde
244 3325 360 3390 Quintil.
379 3325 399 3378 I.
416 3325 446 3378 Ο.
464 3331 504 3391 12,
521 3330 536 3378 3
556 3330 627 3390 511.
668 3324 736 3377 ‘Alii
751 3341 780 3377 sc
795 3325 831 3377 ad
846 3323 941 3376 album
960 3340 993 3376 ao
1011 3323 1101 3376 rubri-

85 3416 134 3452 cas
154 3397 294 3467 (intellige
313 3396 439 3450 ICtorum
462 3395 560 3464 libros)
583 3395 812 3460 transtulerunt’3
840 3411 1001 3462 quanquam
1023 3394 1102 3448 tituli

84 3470 131 3523 illi
149 3469 179 3522 in
197 3468 301 3522 libris
321 3468 358 3521 ad
376 3468 500 3521 edictum
519 3468 606 3521 etiam
623 3467 752 3520 rubricae
771 3482 832 3519 esse
851 3468 1004 3534 coeperunt
1028 3465 1068 3534 (L.
1084 3471 1099 3517 2

85 3539 190 3607 §3D.
215 3540 251 3594 de
274 3538 374 3592 interd.
400 3541 497 3606 43,1)
526 3541 555 3592 et
582 3539 639 3592 iam
666 3537 834 3606 Vespasiani
862 3538 956 3590 aetate
983 3537 1014 3590 in
1041 3537 1102 3590 iure

84 3611 176 3680 civili,
199 3613 233 3664 ut
255 3611 367 3665 constat
389 3627 423 3664 ex
446 3609 557 3664 aeribus
581 3609 752 3678 Salpensano
777 3610 805 3662 et
827 3607 1012 3676 Malacitano,
1038 3609 1103 3677 ipsa
