2552 4082
197 237 237 292 IV
271 243 276 252 “
444 236 493 290 AD
514 235 633 290 GAIVM
650 233 827 290 PRAEFAT.
846 233 903 288 ΕΙ).
920 233 966 288 VI.

197 407 354 466 niancrurn
382 404 512 481 postumi
535 403 604 477 Gai,
638 403 859 479 aliquantulum
887 402 1033 478 obsoleta,
1063 403 1218 463 anostris

198 495 316 573 scriptis
340 495 522 572 ablegamus

263 583 386 643 Publice
414 581 656 659 respondendi
686 579 766 638 iure
800 579 907 640 Gaium
940 583 1069 641 caruisse
1098 573 1217 663 (neque

198 675 278 732 enim
300 690 442 750 response
465 672 527 730 eius
551 661 682 750 exstant)
706 668 788 728 haud
811 669 1015 728 dubitandum.
1060 669 1117 730 hcc
1143 691 1218 747 quc-

199 783 255 840 que
278 762 306 821 oi
329 761 446 821 evenire
469 761 579 837 potuit,
602 759 628 819 si
650 759 761 817 Romae
785 760 882 817 totam
904 760 1001 818 vitam
1023 758 1114 838 degit.

264 851 300 909 In
327 849 569 910 Institutionibus
601 848 656 906 ius
685 847 912 922 provinciale
941 849 1063 924 respicit
1093 847 1219 924 quidem

198 934 249 1022 (cf.
268 941 341 998 Inst.
363 941 390 1016 1,
407 940 462 1014 553
487 929 578 1018 193),
607 936 659 996 sed
680 936 725 994 ite
747 954 849 1012 parce,
877 939 911 995 ut
939 956 1006 995 eum
1033 937 1107 997 iun's
1136 955 1217 996 com·

198 1031 353 1106 paratione
376 1028 512 1086 Romana
535 1025 683 1102 quaedam
703 1025 854 1085 illustrare
882 1044 978 1101 neque
1001 1045 1071 1088 vero
1094 1027 1218 1102 provin·

201 1119 315 1178 ciarum
346 1117 537 1176 orientalium
568 1116 615 1174 ius
648 1113 944 1174 Graeco-Romanum
979 1117 1026 1174 tot
1062 1118 1217 1191 tantisque
1272 1151 1273 1182 r

198 1206 286 1272 rebus
322 1225 341 1264 a
377 1224 458 1265 mero
494 1205 696 1264 Romanorum
730 1203 796 1262 iure
837 1203 1007 1280 discrepans
1048 1205 1218 1264 accuratius
1272 1203 1273 1206 ’

198 1299 328 1358 tractare
351 1295 481 1354 voluisse
503 1297 615 1369 pateat.
660 1297 691 1352 ct
713 1291 805 1352 libros
828 1293 867 1351 ad
885 1292 1015 1352 edictum
1032 1295 1218 1368 provinciale

199 1383 320 1459 Gaium,
347 1384 419 1444 licet
445 1386 600 1459 praeterea
626 1401 713 1442 nemo
742 1383 806 1440 eius
830 1384 1044 1442 commentator
1067 1381 1217 1442 exstitisse

199 1474 350 1548 videatur,
382 1473 495 1532 Romae
527 1471 668 1531 conficere
697 1472 830 1546 potuisse
863 1489 897 1530 eo
929 1470 1071 1530 libentius
1103 1471 1217 1546 credre,

199 1563 280 1639 quod
301 1563 357 1621 hcc
380 1562 511 1620 edictum
535 1580 552 1619 e
575 1561 670 1618 Roma
692 1559 853 1634 provinciis
869 1561 1001 1634 cunctis,
1023 1577 1082 1618 non
1106 1578 1125 1620 a
1146 1579 1218 1636 prc-

198 1651 377 1712 vincialibus
401 1649 553 1726 sibiipsis
577 1649 730 1708 conditum
753 1651 806 1708 est.

266 1741 312 1798 Ex
329 1737 387 1800 Gai
405 1757 564 1800 sermone
587 1738 699 1814 partim
718 1737 965 1815 graecissante
984 1738 1105 1796 natione
1124 1734 1222 1812 Grae·-

197 1849 268 1890 cum
295 1849 363 1888 eum
384 1830 490 1903 fuisse,
518 1827 597 1904 quod
625 1825 747 1902 quidam
770 1826 970 1899 coniecerunt,
998 1827 1119 1885 minime
1146 1845 1218 1902 pro-

198 1919 302 1994 betur;
330 1937 433 1995 sapere
457 1919 535 1976 enim
559 1915 759 1976 Graecitatem
780 1933 841 1974 non
863 1916 946 1973 natio
970 1915 1080 1989 solum,
1109 1914 1162 1973 sed
1185 1918 1219 1974 et

199 2008 357 2085 disciplina
393 2007 580 2066 conversatio
615 2006 703 2064 lectio
740 2003 882 2076 efficiunt,
919 2021 1014 2078 neque
1054 2005 1218 2078 quisquam

198 2099 320 2173 scripsit
342 2097 454 2155 Romae
473 2095 530 2154 Gai
553 2096 660 2168 aetate.
683 2095 766 2152 cuius
789 2093 876 2151 stilus
901 2089 1012 2151 Graeco
1032 2092 1130 2151 colore
1153 2113 1218 2152 non

199 2188 311 2246 tinctus
335 2178 401 2245 sit.¹

237 2354 298 2425 er)
313 2354 354 2408 ce
364 2353 417 2426 cai
427 2353 595 2407 eneeismis
606 2353 665 2422 egit
674 2349 1217 2418 Kclbinlibro‚quiinseribitur:1eoms

199 2427 325 2480 Juristen
341 2425 426 2495 (Lips.
443 2429 521 2493 1890)
541 2443 568 2494 p.
584 2429 617 2477 79
629 2441 669 2492 sq.
706 2423 760 2490 eis,
779 2438 852 2492 quae
871 2422 913 2474 vir
931 2421 1030 2475 doctus
1049 2423 1218 2490 composuit,

199 2498 286 2552 liceat
303 2512 395 2566 peuce
414 2497 525 2550 addere.
562 2494 765 2565 particularum
784 2493 943 2547 coniunctio
965 2493 1016 2546 ‘ut
1035 2494 1127 2546 ecce'
1144 2491 1218 2547 Geio

186 2561 1219 2706 993111131113131193119191911911

200 2651 381 2765 Arestorilein
398 2657 489 2764 lehis]
501 2656 579 2778 aiae
598 2727 626 2778 p.
643 2656 773 2762 1eo'r'a.q
776 2715 817 2762 25.
843 2654 911 2760 rior
930 2706 956 2760 b.
972 2711 1015 2759 cr.
1034 2652 1111 2760 8ιῖοο
1129 2654 1217 2762 spru.

201 2790 225 2848 2,
242 2788 276 2836 24
294 2801 321 2852 p.
337 2787 405 2835 1401
424 2781 451 2835 b.
467 2787 509 2834 32.
545 2780 623 2834 Pcet.
642 2798 669 2849 p.
686 2786 754 2834 1459
774 2795 798 2832 a.
816 2785 844 2846 7,
868 2777 945 2847 apud
963 2780 1090 2846 posteros
1109 2779 1219 2847 saepis-

201 2854 271 2908 sime
299 2853 446 2907 invenitur.
485 2851 519 2905 cf.
547 2851 635 2920 Dahl,
663 2851 820 2906 Demetrius
847 2850 913 2917 περὶ
940 2845 1100 2918 ἑρμηνείας,
1129 2849 1218 2902 Zwei-

200 2924 326 2978 briicken
345 2929 423 2991 1894,
441 2942 468 2992 p.
484 2929 517 2976 33
528 2941 568 2991 sq.
607 2923 655 2976 ‘ut
677 2924 756 2977 ecce'
782 2921 913 2974 dixerunt
932 2922 1047 2989 praeter
1064 2918 1167 2973 Geiurn
1187 2924 1217 2973 et

200 2995 412 3051 iurisconsultcs
432 3011 487 3061 eos,
506 2993 555 3061 qni
567 2993 642 3047 hunc
659 2995 747 3047 secuti
761 2994 833 3059 sunt,
848 2991 1008 3046 Macrobius
1023 2993 1052 3045 ct
1064 2990 1217 3059 Pompeius

201 3067 409 3122 Grammaticus
432 3084 459 3134 p.
475 3071 522 3132 99,
539 3067 588 3119 12.’
601 3069 665 3132 106,
681 3071 714 3118 14
724 3064 756 3116 K.
780 3094 813 3104 -
837 3061 953 3117 Constat
971 3061 1082 3117 nullum
1101 3063 1216 3116 omnino

200 3141 313 3210 praeter
322 3137 423 3192 Gaium
438 3137 541 3190 dixisse
557 3136 693 3190 ‘statim
707 3135 747 3188 ab
762 3134 881 3188 initio’
899 3135 943 3203 (of.
955 3134 988 3190 V.
1002 3134 1022 3188 Ι.
1037 3135 1070 3186 R.
1086 3152 1113 3202 p.
1124 3138 1167 3200 57,
1179 3136 1217 3200 6),

201 3227 322 3279 quocum
349 3209 417 3262 licet
444 3224 606 3277 comparare
635 3205 771 3259 Graecum
803 3205 891 3268 εὐθὺς
922 3211 1105 3288 παραχρῆμα,
1138 3205 1217 3272 quod

201 3280 315 3350 scripsit
329 3295 369 3334 ex.
385 3297 425 3350 gr.
438 3278 565 3350 Xenoph.
580 3279 615 3331 de
628 3275 735 3346 republ.
746 3275 846 3329 Laced.
859 3281 884 3341 8,
895 3281 919 3328 4.
948 3275 1092 3343 Antiphon
1101 3274 1214 3328 Pherrn.

202 3358 244 3406 20.
272 3352 367 3405 Isceus
388 3356 469 3418 1,11.
490 3357 514 3416 3,
531 3357 544 3404 7
569 3351 617 3419 (ὡς
639 3349 690 3417 μὲν
708 3347 786 3412 ἔδοξε
804 3351 974 3416 παραχρῆμα
993 3345 1082 3409 εὐθὺς
1099 3344 1161 3400 τότε
1180 3346 1217 3402 τὰ

200 3425 295 3492 ψευδῆ
317 3428 495 3512 paetendens
518 3419 693 3488 Νικόδημος,
721 3415 926 3486 ἐπιδέδεικται).
956 3421 980 3483 3,
995 3420 1029 3469 48
1053 3417 1112 3484 (καὶ
1136 3403 1216 3486 stole

202 3496 296 3565 ἀληθῆ
316 3515 334 3547 α
353 3494 418 3550 νυνὶ
440 3491 608 3564 τετόλμηκας
629 3497 815 3560 μαρτυρῆσαι,
842 3493 1014 3559 παραχρῆμα
1038 3488 1126 3549 εὐθὺς
1153 3488 1216 3544 τότε

202 3565 359 3636 &rependum
369 3563 406 3618 ἂν
415 3565 465 3620 τὸν
475 3564 649 3631 ἀδικοῦντα).
672 3559 919 3618 Demosth.29,15.
936 3590 968 3597 -
984 3557 1066 3612 item
1081 3561 1215 3626 contre,

202 3637 278 3707 quod
295 3637 400 3707 legitur
413 3637 444 3691 in
458 3636 554 3692 codice
570 3641 594 3702 1,
609 3639 642 3689 81
658 3634 686 3686 et
700 3631 762 3700 Dig.
775 3636 800 3698 3,
810 3636 835 3697 3,
846 3635 888 3696 46,
900 3635 915 3683 5
930 3632 959 3684 et
972 3647 1023 3684 nce
1037 3629 1214 3686 restituimus
