2552 4082
162 197 240 250 XXX
327 197 377 266 AD
397 195 516 250 GAIVM
533 195 709 250 PRAEFAT.
729 193 901 250 Hvsofflffl
918 195 975 264 ΕΙ),
990 195 1011 251 I.

165 360 323 424 ‘nostium'
348 366 498 441 appellare
522 356 664 445 (prooem.
683 363 706 426 I.
731 362 751 439 ἐ
771 365 804 438 6,
823 362 842 438 ἓ
862 365 881 422 5
901 363 924 424 I.
953 364 989 423 de
1012 363 1094 440 publ.
1117 363 1179 421 iud.

164 454 265 529 4,18,
289 457 380 512 const.
404 453 528 512 Omnem
550 454 623 530 reip.
642 452 661 528 ξ
678 445 712 535 1)
736 473 807 514 sene
829 455 939 512 mirum
961 453 1093 510 nonest.
1130 451 1180 512 Ita

162 561 233 603 vero
262 539 365 617 Gaius,
399 543 459 604 elio
487 543 557 602 lieet
584 542 637 601 sub
666 545 786 602 nomine
809 545 840 601 et
861 541 1058 601 multifarium
1082 541 1179 600 defor-

164 634 265 690 matus
288 634 380 690 totius
404 631 519 709 generis
541 631 665 690 humani
687 631 831 710 magister
848 633 880 690 in
898 633 962 690 iure
982 630 1062 690 oivili
1081 631 1180 688 fnotus

165 723 218 780 est.
265 719 323 779 sed
346 721 424 780 siout
445 739 578 797 gemmae
597 723 747 798 ingenitus
765 721 844 798 ignis
863 739 917 782 neo
935 720 1071 797 extingui
1088 719 1179 796 longo

164 812 224 868 situ
252 828 286 868 uo
312 809 433 884 pulvere
460 829 514 868 nee
541 812 684 886 perpetuo
713 829 730 868 a
758 812 885 888 cognata
911 810 976 868 luoe
1008 808 1180 885 praepediri

162 900 270 975 potest,
293 900 338 956 ita
360 901 463 958 nostra
485 902 584 956 aetate
608 899 700 958 etiam
718 899 864 976 genuinae
883 897 950 958 Gaii
969 898 1179 958 Institutiones

164 1007 179 1046 e
202 987 364 1046 multorum
382 988 566 1046 saeculorum
585 987 734 1048 oblivione
751 988 944 1048 resuscitatae
964 987 1059 1046 denuo
1079 986 1179 1045 effica-

163 1078 314 1135 oissimum
341 1077 463 1134 nemoris
491 1075 584 1135 studii
610 1095 644 1135 ao
671 1078 827 1151 penitioris
854 1077 928 1134 iuris
956 1075 1053 1135 oivilis
1077 1077 1179 1154 oogni-

162 1164 253 1224 tionis
276 1164 455 1222 fermentum
477 1183 604 1224 evasere.

230 1251 299 1310 Gaii
320 1253 527 1312 Institutiones
555 1255 642 1314 unioo
672 1254 772 1314 oodioe
795 1253 959 1314 Veronensi
981 1253 1178 1330 palimpsesto

163 1345 296 1403 servatas
332 1360 408 1416 esse,
452 1342 598 1401 Niebuhn'
634 1343 672 1400 ab
703 1343 863 1402 Hauboldo
896 1343 1042 1402 admoniti
1070 1344 1178 1401 merito

164 1450 189 1490 a.
209 1429 414 1490 MoooOXVI
444 1431 566 1490 invento
595 1433 625 1490 et
652 1451 669 1490 a
698 1431 880 1507 Goesoheno,
913 1433 1064 1508 assumpto
1097 1432 1178 1489 sooio

163 1520 340 1597 Hollwegm,
359 1538 436 1580 anno
454 1519 628 1595 insequente
646 1540 799 1596 nunquam
818 1522 890 1579 satis
909 1521 1058 1580 laudando
1077 1520 1177 1579 studio

162 1611 351 1684 transcripto,
374 1610 406 1666 in
424 1610 531 1686 vulgus
550 1612 654 1667 notum
678 1612 730 1668 est.
766 1610 811 1668 De
835 1612 933 1668 aetate
955 1610 1043 1668 huius
1066 1609 1179 1668 oodiois

163 1700 226 1774 ipse
249 1698 417 1758 Niebuhius
441 1701 471 1757 et
492 1701 597 1774 postea
619 1697 683 1757 Ulr.
707 1699 843 1775 Xoppius
866 1691 1020 1779 (Zeitsohr.
1039 1698 1059 1756 f.
1079 1698 1177 1775 gesoh.

162 1786 236 1846 RW.
254 1787 298 1844 IV
317 1779 396 1868 473)
420 1807 480 1846 non
502 1788 598 1846 videri
620 1779 688 1846 eum
709 1792 779 1862 post
805 1787 1005 1846 Iustinianum
1030 1788 1179 1861 seriptum

163 1895 225 1934 esse
248 1875 468 1952 iudioavemmt3
496 1877 576 1952 quod
594 1880 629 1935 ut
651 1878 798 1935 rationem
815 1876 913 1952 habet,
937 1878 981 1934 ita
1003 1879 1106 1934 tamen
1125 1875 1178 1932 aul·

163 1965 290 2024 dendum
323 1967 368 2024 est
403 1984 456 2024 neo
487 1966 582 2024 multo
616 1969 684 2024 ante
716 1968 859 2040 seriptum
891 1966 1000 2040 videri3
1031 1965 1063 2022 id
1096 1965 1178 2022 enim

163 2054 308 2132 glossema
336 2053 447 2114 evinoit
474 2054 569 2113 adhue
600 2073 667 2132 non¹
692 2047 911 2129 observatum1,
944 2053 1023 2129 quod
1054 2054 1179 2128 irrepsit

164 2145 193 2217 2,
213 2143 275 2200 195
306 2138 449 2220 ‘legatum
476 2142 534 2202 sibi
562 2162 623 2202 esse
651 2139 831 2217 dimissum'3
863 2162 933 2201 nam
962 2138 1096 2200 ‘dimitti'
1121 2161 1177 2218 pro

164 2226 319 2305 ‘relinqui'
343 2232 476 2307 legatum
494 2233 542 2290 vel
562 2227 689 2310 legari,
709 2232 788 2307 quod
806 2235 841 2290 ut
858 2231 1008 2290 Aleander
1021 2234 1052 2290 et
1071 2230 1177 2290 Schul-

162 2321 274 2396 tingius
307 2318 345 2378 ad
377 2319 432 2378 Gai
456 2321 525 2395 epit.
551 2323 618 2395 2,7
643 2318 701 2395 §8
727 2323 756 2379 et
781 2319 927 2395 1,1§4
959 2323 1111 2394 notarunt,
1143 2321 1177 2378 iu

162 2408 310 2468 breviario
333 2407 506 2468 Alarioiano
530 2409 701 2484 saepissime
724 2411 844 2486 legitur,
867 2412 936 2468 ante
958 2409 1047 2468 finem
1065 2409 1178 2468 saeculi

163 2497 269 2573 quinti,
293 2515 351 2572 quo
375 2500 492 2556 tantam
513 2501 598 2557 vetus
621 2497 770 2556 Latinitas
793 2500 912 2557 ruinam
934 2517 1023 2574 passa
1046 2500 1099 2574 est,
1124 2499 1176 2556 vix

161 2589 206 2646 ita
228 2588 261 2644 in
283 2605 371 2645 usum
393 2589 521 2662 venerit,
549 2589 584 2644 ut
611 2606 665 2662 pro
694 2587 871 2663 glossemate
900 2587 1088 2660 scriberetur3
1120 2586 1175 2644 illo

161 2694 231 2734 vero
258 2675 323 2734 loeo
351 2677 412 2734 iam
438 2678 470 2733 in
493 2695 526 2734 eo
554 2676 654 2734 oodioe
681 2675 771 2734 fuisse
800 2677 932 2752 videtur,
964 2675 1042 2734 unde
1074 2677 1177 2753 noster

160 2765 358 2840 transcriptus
381 2767 434 2824 ost.
480 2764 558 2833 Quid
581 2765 660 2840 quod
685 2766 808 2840 1,1oo²
829 2765 980 2823 rubrioam
1004 2766 1055 2839 qui
1073 2765 1177 2841 posuit

163 2849 210 2912 ‘de
233 2853 388 2911 fiduciaria
410 2849 527 2928 tutela',
550 2854 602 2912 ubi
624 2855 688 2930 ipse
712 2853 802 2914 Gaius
826 2855 862 2912 de
885 2853 1047 2912 fiduoiariis
1070 2853 1176 2911 tutelis

161 2943 308 3017 loquitur,
339 2944 412 3000 imis
444 2943 603 3002 Iustiniani
632 2945 661 3001 et
687 2944 782 3019 ipsius
809 2943 944 3001 rubricae
967 2944 1014 3001 tit.
1037 2941 1060 2999 I.
1082 2943 1174 3016 1,19

234 3151 259 3217 1)
278 3148 365 3202 Nulla
393 3150 490 3201 eontra
516 3148 627 3201 ratione
654 3148 843 3216 Boeokingius
876 3147 913 3202 ad
940 3153 969 3216 3,
995 3151 1045 3200 198
1072 3148 1175 3200 notans

162 3219 234 3288 (edd.
251 3225 266 3272 3
286 3221 315 3273 et
333 3223 360 3290 4)
379 3219 518 3289 glossema
538 3219 579 3273 ibi
594 3219 801 3288 deprehendere
816 3219 871 3272 eibi
884 3219 960 3272 visus
975 3220 1025 3286 est,
1043 3220 1176 3286 respectu

161 3291 191 3344 L.
207 3296 240 3344 20
260 3289 288 3344 O.
309 3291 344 3344 de
367 3291 450 3344 furtis
473 3293 508 3360 (6,
524 3293 550 3360 2)
570 3289 735 3344 confectum.
775 3289 938 3344 ‘Probatum
957 3290 1009 3344 eet'
1029 3305 1065 3342 ne
1079 3291 1176 3358 potest
1273 3353 1274 3360 ¹

162 3362 276 3430 quidem
303 3361 381 3415 aliud
404 3361 562 3432 significare
585 3364 670 3428 atque
694 3362 769 3428 quod
792 3363 857 3430 post
875 3361 979 3414 dieitur
999 3361 1176 3429 ‘responsum

161 3436 191 3487 et
208 3433 383 3487 iudicatum'.
421 3433 493 3486 Aliis
512 3447 579 3486 eane
597 3431 775 3500 glossematis
793 3431 961 3486 Veronensis
976 3431 1063 3486 oodex
1082 3430 1176 3485 defor-

160 3506 253 3558 matus
272 3506 327 3572 est,
347 3505 396 3558 sed
414 3503 531 3570 talibus,
552 3519 624 3572 quae
643 3502 680 3557 ad
698 3505 822 3572 tempus,
846 3519 901 3571 quo
921 3503 1041 3572 scriptus
1060 3503 1106 3570 ut,
1125 3503 1174 3556 de-

161 3576 314 3645 finiendum
332 3593 388 3630 non
407 3575 523 3628 faciunt.
