2516 4074
355 255 418 311 cm
435 257 563 313 nisum
581 258 621 311 111
641 263 754 314 se-ra
847 285 859 300 .
1000 261 1061 324 141

61 421 142 484 liberi
173 421 240 484 eius
273 421 405 486 heredes
437 441 502 486 esse
533 425 682 505 possunt3
715 427 748 486 et
775 423 809 486 in
840 423 903 486 hoe
934 427 1062 488 tantum

6 569 8 572 .
61 509 145 573 habat
165 511 351 574 testamenti
374 511 556 594 factionem,
579 510 634 574 ut1
656 515 828 595 patronum
846 511 997 576 heredem
1016 513 1062 575 in·

61 599 160 662 stituat
183 596 303 682 eique²,
326 600 354 662 si
372 599 463 664 heres
483 621 551 664 esse
574 601 722 683 noluerit,
746 601 844 664 alium
868 601 1062 666 substituere

61 688 157 770 possit.
205 687 251 753 73.
283 687 327 751 ut
350 689 425 771 quia
448 690 509 753 bac
532 690 762 753 constitutione
780 689 950 754 uidebatur
969 690 1061 754 effec-

61 781 128 858 tum,
149 779 186 839 ut
208 799 250 840 ne
272 797 427 860 umquam
450 779 504 842 isti
527 779 673 842 homines
695 782 863 862 tamquam
887 779 973 842 ciues
997 777 1061 842 Ro-

6 891 7 894 *
61 867 136 928 mani
157 869 364 944 morerentur,
389 867 536 950 quamuis
560 889 597 931 eo
621 868 689 931 iure
714 871 827 951 postea
849 865 918 930 usi8
946 871 1062 950 essent,

62 975 115 1036 quo
136 955 189 1018 uel
213 977 252 1018 ex
274 956 346 1041 lege
364 954 457 1020 Aelia
476 953 603 1020 Sentia4
625 957 679 1020 uel
697 979 737 1020 ex
760 960 888 1020 senatus
913 959 1061 1021 consulto

62 1044 136 1106 ciues
159 1043 299 1108 Romani
322 1048 441 1126 essent,
469 1045 562 1108 diuus
589 1044 786 1128 Hadrianus,
818 1046 989 1128 iniquitate
1016 1046 1063 1110 rei

61 1135 167 1214 motus,
195 1136 307 1196 auctor
329 1133 391 1196 fuit
414 1138 542 1199 senatus
567 1135 706 1198 eonsirlti
733 1131 903 1217 faciundi⁶,
933 1137 983 1217 ut,
1008 1135 1064 1218 qui

61 1221 216 1305 ignorante
247 1223 301 1285 uel
331 1226 498 1286 recusante
530 1227 666 1306 patrono
704 1224 744 1286 ab
782 1225 975 1307 imperatore
1012 1225 1062 1288 ius

61 1307 220 1384 Quiritium
241 1313 405 1376 consecuti
423 1315 537 1395 essent,
556 1313 584 1376 si
602 1334 640 1376 eo
659 1313 727 1376 iure
746 1316 858 1396 postea
876 1313 927 1376 usi
947 1315 1063 1395 essent,

63 1420 117 1480 quo
143 1421 182 1462 ex
208 1401 280 1484 lege
303 1399 396 1464 Aelia
419 1398 529 1465 Sentio
556 1403 610 1465 uel
637 1423 677 1466 ex
700 1405 829 1465 senatus
853 1403 1011 1484 consulto,
1035 1403 1063 1465 si

60 1486 154 1552 Latini
168 1490 360 1552 mansissent
366 1486 386 1572 ⁶,
406 1491 570 1554 ciuitatem
584 1489 765 1555 Romanam
782 1494 1062 1573 consequerentur,

7 1601 8 1604 ¹
61 1577 181 1658 proinde
208 1578 272 1661 ipsi
298 1577 504 1662 haberentur,
533 1600 569 1642 ac
597 1580 625 1642 si
651 1580 722 1664 lege
750 1578 843 1643 Aelia
871 1577 982 1642 Sentia
1009 1581 1063 1644 uel

61 1669 176 1730 senatus
200 1668 348 1731 consulto
368 1667 407 1732 ad
426 1669 590 1732 ciuitatem
608 1667 789 1732 Romanam
808 1669 1038 1751 peruenissent.
1056 1665 1060 1755 t

116 1754 161 1820 74.
193 1753 317 1819 Eorum
344 1759 465 1838 autem,
499 1778 579 1840 quos
610 1759 664 1821 lex
690 1755 784 1822 Aelia
812 1755 922 1821 Sentia
951 1756 1132 1821 dediti-147

61 1843 170 1907 ciorum
193 1866 327 1908 numero
350 1845 436 1928 facit,
460 1846 545 1910 bona
568 1846 664 1910 modo
689 1847 781 1929 quasi
805 1847 925 1910 ciuium
944 1845 1063 1910 Roma-

59 1953 161 1996 norum
179 1933 369 1998 libertorum
376 1931 397 2017 7,
415 1935 511 1998 modo
532 1935 623 2018 quasi
640 1935 830 1999 Latinorum
849 1935 889 1998 ad
907 1938 1062 2018 patronos

6 2021 7 2026 ’
60 2023 215 2101 pertinent.
262 2022 308 2087 75.
341 2021 426 2089 Nam
456 2045 567 2088 eorum
597 2024 695 2106 bona,
728 2025 797 2107 qui,
830 2025 858 2087 si
884 2025 921 2086 in
953 2025 1062 2107 aliquo

60 2110 127 2174 uitio
145 2133 213 2175 non
232 2115 346 2195 essent,
365 2113 553 2177 manumissi
572 2113 658 2177 ciues
672 2112 813 2176 Romani
826 2113 928 2178 futuri
946 2117 1063 2196 essent,

60 2201 139 2280 quasi
157 2200 278 2264 ciuium
296 2199 516 2265 Romanorum
534 2202 678 2286 patronis
698 2201 808 2266 eadem
826 2204 898 2287 lege
915 2203 1063 2266 tribuun-

6 2323 7 2326 ι
59 2289 109 2351 tur.
144 2311 212 2352 non
238 2293 348 2353 tamen
373 2287 426 2353 hi⁸
457 2291 577 2355 habent
605 2291 702 2355 etiam
729 2292 917 2355 testamenti
949 2291 1064 2355 factio-

6 2401 7 2452 ]
59 2397 129 2440 nem.
165 2401 241 2442 nam
269 2378 302 2441 id
329 2379 490 2462 plerisque
516 2381 652 2463 placuit,
684 2402 743 2444 nec
775 2381 934 2445 inmerito.
986 2403 1063 2444 nam

59 2465 233 2531 incredibile
259 2467 429 2532 uidebatur
459 2470 617 2552 pessimae
645 2470 841 2534 condicionis
873 2469 1062 2534 bominibus
1126 2527 1128 2536 ,

6 2589 7 2628 ss
58 2555 187 2620 uoluisse
218 2556 300 2642 legis
327 2557 462 2622 latorem
489 2559 674 2622 testamenti
701 2559 844 2623 faciundi
871 2559 921 2622 ius
951 2579 1063 2623 conce-

6 2639 7 2712 ]
59 2641 129 2707 dere.
179 2645 225 2710 76.
258 2644 381 2710 Eorum
408 2668 485 2710 uero
513 2648 611 2729 bona,
644 2647 712 2731 qui,
743 2648 771 2711 si
798 2669 864 2711 non
891 2648 931 2712 in.
953 2648 1062 2730 aliquo

6 2741 7 2774 ³
59 2733 128 2796 uitio
155 2737 274 2817 essent,
291 2736 491 2823 ‘manumissi
516 2736 618 2800 futuri
645 2736 753 2800 Latini
781 2739 900 2818 essent,
928 2737 1063 2819 proinde

121 2982 145 3048 1)
164 2982 215 3033 aut
233 2979 265 3033 V.
365 2984 392 3050 2)
411 2981 438 3036 ei
457 2981 506 3049 qui
524 2981 557 3034 V.
661 2985 688 3050 3)
707 2985 740 3036 ut
759 2982 783 3035 si
801 2981 834 3036 V.
934 2983 961 3050 4)
980 2981 1064 3036 Aelia

6 3045 144 3104 ,tentia
165 3051 308 3106 Goescbeu.
331 3057 377 3106 is
392 3051 422 3106 V.
514 3055 541 3122 6)
559 3052 695 3122 paciundi
713 3053 746 3106 V.
845 3056 871 3122 6)
891 3051 1067 3106 mansissent.

6 3147 7 3150 ι
60 3117 191 3176 Goescbea.
224 3123 389 3176 manumissi
417 3126 510 3176 essent
536 3124 570 3179 V.
683 3127 709 3194 7)
738 3123 844 3178 ciuium
871 3123 1062 3178 Romanorum

6 3227 7 3232 =
58 3186 212 3246 libertorum
232 3193 374 3249 Gcescbeu.
404 3201 433 3248 s'c
450 3194 620 3250 libustorum
637 3194 670 3248 V.
780 3197 806 3264 8)
825 3195 873 3249 ui?
892 3189 925 3248 V.

151 3431 191 3480 73.
213 3425 254 3492 Of.
275 3443 361 3494 supro
381 3433 404 3492 1,
420 3431 510 3495 itaq,
530 3432 620 3494 (itaqu
641 3433 718 3496 tesq.

152 3503 192 3550 ⁵14.
214 3497 256 3563 Of.
275 3514 362 3566 supra
381 3503 497 3566 1,13sq.

152 3574 192 3622 is.
213 3569 254 3635 cf.
274 3585 361 3637 aspra
385 3576 408 3637 1,
424 3575 470 3636 aa
490 3573 532 3622 ae.
574 3569 635 3638 (up.
656 3574 698 3635 ao,
715 3575 763 3633 143
785 3574 826 3622 15.

153 3645 193 3694 re.
215 3641 256 3708 cf.
282 3641 344 3710 Uip.
362 3646 442 3708 1,1o.

6 3435 7 3498 ζ
122 3430 136 3490 6

6 3517 7 3540 ¹
123 3501 137 3561 6

6 3601 7 3606 ¹
123 3573 136 3632 6

124 3644 138 3704 6
