2552 4082
363 249 427 305 GAI
444 249 572 307 INSTI'I'.
591 251 604 304 I
623 256 736 306 or-ue.
1017 251 1059 316 15

47 414 170 477 ratione
198 417 230 478 et
257 413 400 499 prodigis
428 414 629 479 interdicitur
655 413 813 478 bonorum
846 436 976 478 suorum
1009 415 1061 479 ad·

49 503 248 567 ministratio.
296 501 342 567 54.
377 501 524 567 Ceterum
558 524 630 568 oum
663 502 748 585 apud
780 504 865 568 oiues
897 502 1060 568 Romanos

49 592 164 674 duplex
193 592 236 655 sit
263 591 440 656 dominium
474 589 563 677 (nam
590 593 643 656 uel
670 593 705 655 in
731 592 823 656 bonis
851 593 905 656 uel
931 614 971 656 ex
993 594 1062 656 iure

49 679 220 755 Quiritium
251 681 304 744 uel
333 702 373 744 ex
401 685 538 764 utroque
567 681 635 744 iure
666 681 819 764 cuiusque
851 702 960 745 seruus
993 703 1061 746 esse

49 765 291 855 intellegitur1),
312 770 359 833 ita
381 769 509 834 demum
534 791 661 834 seruum
687 770 722 834 in
750 773 909 853 potestate
939 770 1062 834 domini

50 881 111 922 esse
141 859 301 940 dicemus,
331 859 358 922 si
387 859 421 922 in
448 859 541 923 bonis
569 859 636 923 eius
665 859 720 941 sit,
747 859 872 923 etiamsi
900 859 996 922 simul
1021 880 1061 922 ex

50 948 111 1010 iure
139 945 316 1022 Quiritium
344 947 486 1012 eiusdem
513 949 658 1012 nonsit:
686 969 762 1011 nam
787 949 842 1031 qui
864 948 986 1012 nudum
1010 948 1060 1012 ius

51 1034 221 1110 Quiritium
249 1037 284 1100 in
311 1057 403 1100 seruo
431 1036 542 1119 habet,
573 1037 601 1100 is
628 1040 821 1118 potestatem
851 1037 967 1101 habere
994 1057 1062 1101 non

52 1126 254 1210 intellegitur.

110 1213 158 1279 55.
183 1212 266 1278 Item
289 1215 324 1278 in
341 1217 501 1297 potestate
518 1217 630 1278 nostre
648 1218 722 1278 suut
739 1214 832 1278 tiberi
849 1215 961 1297 nostri,
980 1235 1060 1298 quos

52 1303 135 1366 iustis
154 1303 280 1385 nuptiis
299 1303 546 1386 procreauimus.
584 1303 670 1386 quod
688 1303 737 1366 ius
755 1304 922 1386 proprium
942 1304 1061 1367 ciuium

51 1390 268 1456 Romanorum
301 1396 349 1455 est
382 1388 461 1478 (fere
494 1392 579 1456 euim
610 1392 693 1455 nulli
722 1392 777 1455 aiii
804 1396 879 1456 sunt
906 1393 1061 1475 homines,

53 1481 101 1562 qui
122 1482 224 1544 talem
247 1481 282 1546 in
300 1481 384 1545 filios
404 1501 478 1544 suos
497 1480 616 1544 hebent
634 1483 837 1563 potestatem,
856 1482 983 1564 qualem
1001 1501 1061 1544 nos

52 1566 216 1656 habemus)
241 1569 336 1652 idque
360 1569 426 1633 diui
449 1567 614 1654 Haldn'ani
637 1569 755 1652 edicto,
785 1569 871 1653 quod
893 1570 1061 1653 proposuit
1081 1581 1115 1630 15

53 1658 85 1720 de
106 1659 166 1741 his,
193 1658 249 1741 qui
271 1658 333 1722 sibi
354 1659 527 1741 liberisque
551 1659 616 1722 suis
640 1658 679 1722 ab
703 1679 740 1722 eo
763 1659 926 1722 ciuitatem
944 1657 1061 1722 Roma

52 1768 119 1810 nam
142 1747 307 1830 petebant,
330 1744 556 1833 significatur.²
600 1768 660 1811 neo
683 1768 734 1811 me
761 1748 914 1830 praeterit
937 1744 1061 1812 Galata·

53 1857 117 1898 rum
149 1839 281 1921 gentem
314 1835 440 1900 eredere
471 1837 505 1900 in
536 1833 714 1919 potestate⁸
742 1840 912 1918 parentum
944 1836 1061 1900 liberos

55 1945 121 1988 esse.
159 1923 207 1988 56.
232 1925 338 1989 Iustus
361 1930 463 1989 uatem
485 1927 614 2006 mrpttos
631 1926 820 1989 manusc
837 1924 1002 2007 liberosque
1020 1926 1063 1989 iis

51 2018 219 2092 promemus
246 2015 283 2078 to
303 2019 453 2096 potestate
478 2013 588 2080 tubere
612 2015 693 2079 ciues
716 2013 855 2078 Romani
877 2015 924 2078 ita
946 2013 1062 2078 iotette-

53 2099 185 2180 quarm
212 2103 240 2167 si
268 2103 353 2168 oiues
381 2101 543 2168 Romanas
571 2124 686 2167 uxores
715 2103 862 2167 duxerint
889 2103 1061 2167 ueletiam

55 2189 177 2255 Latinas
206 2193 445 2277 peregrinusue,
474 2213 546 2256 oum
575 2192 690 2275 quibus
714 2192 886 2256 conubium
909 2193 1062 2256 habeant:

56 2300 119 2343 oum
148 2280 235 2344 enim
265 2281 438 2345 conubium
465 2281 499 2344 id
526 2281 658 2364 efficiat,
685 2285 722 2344 ut
748 2281 841 2345 liberi
863 2281 963 2364 patris
989 2301 1062 2345 eon·

57 2367 207 2433 dicionem
227 2373 410 2453 sequantur,
429 2370 544 2453 euenit,
563 2374 600 2434 ut
617 2391 684 2434 non
700 2369 799 2434 sotum
818 2370 904 2434 ciues
923 2369 1062 2434 Romani

120 2581 145 2648 1)
163 2577 349 2649 intellegetur
366 2579 399 2633 V.
464 2581 490 2647 2)
510 2578 682 2650 significauit
699 2577 731 2632 V.
794 2582 820 2649 3)
839 2581 1010 2649 potestatem
1027 2578 1061 2632 V.

57 2651 79 2716 4)
96 2649 189 2720 suppl.
209 2651 269 2704 Hu.
305 2651 344 2704 Iu
361 2650 387 2705 V
406 2651 461 2706 (tuo
479 2667 570 2706 versus
588 2652 669 2705 uacui
686 2652 775 2706 rettctt
792 2659 864 2706 sont.

60 2845 268 2968 sposluendere]
293 2845 335 2912 Of.
350 2845 388 2900 D.
407 2851 451 2913 48,
473 2850 514 2913 18,
535 2852 558 2913 1,
578 2851 611 2899 27
636 2846 713 2916 (Uip.
730 2849 818 2916 2212).
855 2843 993 2916 prodigis]
1019 2845 1060 2911 Of.

80 2933 130 2968 au.
151 2922 228 2984 3,4·,
244 2921 267 2970 7.

120 2992 191 3054 sor.
213 2988 255 3054 of.
274 3004 361 3056 sopra
385 2993 409 3053 1,
425 2993 467 3041 es.
495 2988 574 3054 infra
593 2994 617 3056 2,
632 2993 680 3056 4⁰3
700 2993 742 3042 ee.
763 2994 787 3055 e,
803 2993 862 3042 1oo.
895 2987 958 3056 Uip.
980 2992 1061 3054 1,1o.

64 3057 167 3126 theoph.
183 3066 208 3126 1,
223 3065 281 3125 s‚4
300 3059 389 3128 (Far.
401 3075 430 3128 p.
447 3061 499 3128 25).

120 3131 640 3199 §eo.-=D.1‚e‚e.1.1‚9pr.;2.
670 3131 711 3195 Of.
726 3129 805 3197 iufra
824 3137 848 3197 1,
863 3134 909 3195 933
930 3135 977 3196 64,
997 3133 1062 3195 128;

63 3203 110 3252 ree.
139 3201 196 3256 θαι·
213 3201 276 3270 epa.
293 3206 318 3267 1,
334 3206 358 3268 e,
374 3206 398 3255 a.
436 3201 499 3270 Uip.
515 3207 540 3269 s,
556 3207 579 3254 1.
606 3202 633 3256 0.
649 3206 674 3268 e,
689 3207 763 3269 rus
783 3205 818 3271 (a.
834 3203 904 3270 aar).
929 3205 954 3267 s,
969 3206 1012 3268 re,
1029 3205 1062 3254 ro

62 3271 161 3341 (u.323)
180 3297 214 3318 =
237 3273 264 3328 0.
288 3273 337 3328 Tt.
356 3278 382 3340 4,
401 3277 426 3340 8,
446 3277 461 3325 6
481 3273 516 3341 (α.
538 3274 607 3340 323).
642 3273 670 3327 0.
693 3274 742 3326 To.
763 3278 787 3340 3,
808 3277 823 3325 3
843 3273 969 3342 ((4491).
1002 3271 1063 3326 Lex

62 3339 125 3409 Sotp
138 3360 159 3398 o.
170 3349 203 3397 22
220 3343 367 3412 (amomi
386 3344 455 3413 143).
474 3343 592 3415 Dionys.
608 3349 632 3411 2,
643 3349 690 3411 263
707 3349 748 3396 27.
772 3345 847 3398 Plut.
863 3343 947 3397 Num.
964 3347 996 3396 17
1011 3343 1061 3408 tf.

63 3411 141 3467 Boeth.
157 3416 173 3468 t.
190 3415 259 3469 tud
275 3414 329 3469 Oic.
344 3422 398 3484 top.
417 3419 443 3482 4,
451 3419 485 3468 20
505 3415 554 3484 (ed.
570 3415 668 3469 Baiter
683 3431 711 3483 p.
728 3417 797 3483 304).
830 3415 898 3469 Istd.
913 3415 981 3485 orip.
996 3419 1021 3482 9,
1037 3419 1062 3480 5,

64 3486 157 3550 17318.
195 3484 373 3556 Galatarum]
394 3486 435 3551 Of.
457 3486 530 3541 Ocres.
550 3486 620 3540 Bell.
642 3485 715 3540 Gall.
736 3491 760 3553 6,
781 3491 822 3551 19,
843 3491 866 3538 3.

121 3561 190 3621 55⁶·
216 3557 258 3624 Of.
278 3557 461 3625 Uirtutes.
494 3557 762 3625 Gateptt.1‚4pr.
795 3557 832 3610 D.
850 3562 873 3623 1,
889 3561 914 3622 ὅ,
930 3561 962 3608 19
983 3555 1060 3624 (Oeta.

65 3627 121 3693 ne).
149 3635 172 3696 1,
187 3633 211 3696 s,
227 3634 262 3682 24
282 3627 359 3697 (Uip.
375 3630 463 3696 sees).
