2516 4074
209 243 272 306 162
537 243 599 298 Gn]
615 243 743 299 INSTIT.
761 244 800 298 111
820 249 877 298 142.

135 417 186 468 165
205 407 344 490 pretium
363 407 397 470 in
415 411 581 472 numerata
598 408 733 491 pecunia
753 404 934 492 conisistere
957 407 1057 470 debet.
1085 427 1155 470 ιιοιιι
1171 407 1199 469 in

206 496 318 564 ceteris
341 496 435 560 rebus
458 519 499 560 an
521 498 660 580 pretium
684 519 753 561 esse
775 497 886 580 possit,
900 497 1006 560 ueluti
1025 493 1137 560 homol
1154 500 1200 558 aut

204 588 281 670 toga
304 589 360 648 aut
381 585 499 648 fundus
522 587 652 650 alterius
674 587 721 650 rei
737 587 876 668 pretium
898 605 960 650 esse
980 576 1092 669 poseat,
1118 585 1200 648 ualde

205 670 394 756 quaeritur.²
420 675 521 738 nostri
543 679 765 759 praeceptores
787 678 903 758 putant
925 675 1023 738 etiam
1045 675 1079 737 in
1098 675 1156 738 alia
1172 695 1200 737 re

204 783 299 845 posse
322 763 494 826 consistere
517 765 669 848 pretium3
701 763 786 828 unde
808 763 889 827 fflud
911 768 973 845 est,
1002 764 1086 846 quod
1112 764 1198 848 uulgo

205 853 320 934 putant
351 873 408 934 per
435 853 702 935 permutationem
730 875 836 917 rerum
866 853 1061 936 emptionem
1085 856 1115 915 st
1135 874 1199 914 neu·

205 940 359 1003 ditionem
383 941 540 1023 contrahi,
568 963 702 1024 eamque
732 941 870 1026 speciem
893 938 1084 1024 emptionis³
1104 941 1198 1004 uendi-

204 1029 365 1110 tionisque
396 1029 646 1093 uetustissimam
680 1052 761 1114 esse,
797 1035 1050 1115 argumentoque
1080 1033 1199 1092 utuntur

206 1115 326 1181 Graeco
349 1121 444 1202 poeta
466 1117 617 1202 Homero,
642 1120 697 1200 qui
720 1120 827 1201 aliqua
849 1123 940 1202 parte
963 1119 1009 1182 sic
1032 1119 1089 1181 ait:

306 1255 407 1322 ἔνθεν
429 1259 480 1344 ἄρ’
499 1262 661 1339 οἰνίζοντο
684 1263 951 1344 καρηκομόωνιες
966 1257 1100 1344 Ἀχαιοί,

306 1348 400 1412 ἄλλοι
423 1345 483 1431 μὲν
506 1353 622 1437 χαλκῷ,
646 1351 740 1414 ἄλλοι
763 1347 793 1413 δ’
811 1354 934 1413 αἴθωνι
957 1349 1097 1436 σιδήρῳ,

306 1437 400 1502 ἄλλοι
423 1437 460 1502 δὲ
483 1438 603 1521 ῥινοῖς,
627 1439 720 1502 ἄλλοι
744 1435 908 1522 δἀὐτῇσι
930 1439 1080 1519 βόεσσιν,

306 1525 400 1590 ἄλλοι
424 1524 453 1588 δ’
472 1524 748 1608 οἰνὸοοιιιόδεοοι,4

204 1671 236 1730 et
258 1668 387 1750 relique.
431 1668 573 1732 diuersae
594 1667 722 1732 scholae
740 1673 885 1734 auctores
904 1668 1095 1732 dissentiunt
1112 1666 1198 1732 aliud-

204 1777 266 1838 que
294 1778 362 1820 esse
389 1757 574 1820 existimant
600 1757 869 1840 permutationem
891 1779 1012 1840 rerum,
1040 1757 1124 1820 aliud
1144 1779 1199 1820 em·
1249 1837 1250 1840 Ἴ

202 1845 346 1927 ptionem
375 1849 407 1909 et
434 1846 665 1930 uenditionem3
693 1847 838 1930 alioquin
865 1867 928 1910 ιιοιι
948 1867 1041 1928 posse
1066 1869 1130 1910 rem
1155 1867 1199 1909 ex·
1249 1843 1250 1862 ²

202 1933 305 2016 pediri
332 1935 520 2017 permutatis
548 1935 656 2018 rebus,
687 1957 768 2018 quae
790 1935 937 1999 uideatur
958 1957 1009 1999 res
1033 1936 1152 1999 uenisse
1173 1937 1199 1997 et

203 2044 284 2104 quae
315 2023 410 2107 pretii
437 2024 567 2087 nomine
596 2023 670 2087 data
702 2046 783 2108 esse,
816 2024 871 2088 sed
902 2047 1011 2088 rursus
1044 2029 1199 2106 utramque

202 2132 270 2174 rem
292 2111 394 2175 uideri
412 2117 444 2175 et
462 2113 587 2176 uenisse
605 2117 638 2176 et
656 2117 825 2196 utramque
843 2114 938 2196 pretii
955 2113 1086 2177 nomine
1105 2113 1199 2176 datam

203 2221 271 2263 esse
294 2200 467 2264 absurdum
490 2202 598 2265 uideri.
646 2202 701 2265 sed
720 2203 765 2265 ait
784 2200 909 2266 Caelius
929 2200 1076 2284 Sabinus,
1099 2203 1125 2264 si
1140 2222 1199 2264 rem
1248 2203 1249 2224 ³

201 2288 262 2351 tibi
284 2289 431 2352 uenalem
453 2289 598 2372 habenti,
626 2291 727 2354 ueluti
750 2291 899 2374 fundum,
929 2290 1119 2374 [acceperim
1144 2284 1200 2372 et]⁵

202 2377 297 2459 pretii
319 2378 448 2441 nomino
465 2377 629 2442 hominem
648 2379 730 2444 forte
750 2379 900 2462 dederim,
922 2379 1059 2443 fundum
1083 2377 1200 2462 quidem

201 2464 304 2528 uideri
330 2467 468 2549 uenisse,
495 2467 659 2531 hominem
687 2472 794 2532 autem
821 2469 917 2551 pretii
943 2469 1074 2532 nomine
1101 2469 1200 2531 datum
1247 2503 1248 2506 =

202 2572 287 2636 esse,
302 2557 338 2617 ut
361 2553 497 2618 frmdus⁶
520 2553 742 2640 acciperetur.⁷
1247 2553 1248 2580 ³

268 2642 333 2708 142.
365 2643 498 2708 Locetio
527 2648 633 2709 autem
657 2649 689 2708 et
713 2646 882 2710 conductio
912 2647 1070 2711 similibus
1092 2644 1201 2731 regulis

273 2856 298 2922 1)
317 2854 370 2908 hoc
388 2853 471 2908 modo
490 2853 522 2907 V.
614 2857 640 2923 ι)
660 2855 772 2924 quaerit
789 2855 821 2908 V.
913 2858 938 2923 3)
958 2855 1159 2924 emptionisquc
1172 2851 1200 2905 V.

201 2926 227 2993 4)
249 2925 355 2979 Graeco
373 2941 422 2979 om.
442 2925 474 2978 V.
583 2927 609 2995 5)
629 2926 785 2996 acceperim
803 2929 832 2980 et
855 2927 904 2980 del.
925 2927 1085 2982 Μονινιοιιι.
1118 2940 1201 2979 acees-
1246 2885 1247 2971 i

201 2995 284 3049 serim
303 2998 331 3049 et
350 2997 407 3050 Ην.
480 2997 507 3064 6)
525 2996 644 3050 fundum
657 2997 689 3050 V.
764 2999 789 3066 7)
807 2999 929 3066 sequitur
942 2999 1015 3051 linea
1029 2998 1160 3052 vacuata
1173 2994 1201 3048 V.

200 3193 270 3260 soa).
305 3196 469 3259 1e‚s‚s,1
498 3193 590 3260 (Ριοι.
616 3195 703 3262 1322).
742 3192 770 3248 ο.
789 3199 814 3259 4,
834 3198 876 3259 οι,
897 3199 910 3245 1
932 3195 967 3262 (a.
988 3195 1059 3264 aas).
1091 3199 1116 3260 4,
1134 3195 1201 3258 sce

200 3264 321 3332 (eam).
350 3262 425 3316 Pae.
446 3263 512 3316 Nat.
531 3263 605 3317 Hist.
626 3269 668 3330 33,
692 3269 720 3330 ὃς
750 3269 778 3330 73
807 3269 848 3317 46.
886 3265 954 3318 Isia.
973 3266 1041 3335 erip
1061 3269 1086 3332 5,
1105 3270 1145 3330 24,
1164 3266 1201 3315 23.

201 3332 1054 3404 0.1.L.1xasie(ans⁰Ias1)z.1a(peremptum
1076 3336 1127 3389 ent
1147 3349 1203 3388 acre

200 3408 250 3459 aut
267 3411 377 3473 arpenta
393 3407 457 3474 etc).
494 3403 627 3476 Homero]
645 3406 682 3458 Il.
703 3411 727 3473 7,
742 3411 890 3459 esa-475.
1244 3411 1245 3450 1

271 3479 360 3540 5142.
391 3474 432 3541 of.
461 3475 485 3528 Ι,
510 3481 534 3541 a,
555 3482 588 3529 ιι
604 3493 649 3544 pr.
687 3477 724 3530 D.
750 3483 923 3545 ranam.
952 3477 1113 3546 (oasam).
1152 3475 1203 3530 cai
1244 3529 1245 3534 ,

199 3546 261 3612 epit.
282 3550 402 3612 aare.
440 3547 518 3612 infra
537 3551 635 3614 arsa.
674 3548 710 3600 1).
731 3553 772 3613 ιι,
788 3555 811 3615 1,
827 3553 860 3602 m
871 3565 915 3617 pr.
936 3548 1016 3616 (Pap.
1037 3551 1105 3618 184).
1124 3552 1167 3614 ιι,
1181 3551 1202 3610 ι,
1244 3539 1245 3609 t

199 3619 242 3681 ιο,
258 3621 273 3668 ο
288 3642 322 3661 =
338 3622 379 3709 ιο,
394 3622 418 3683 a,
433 3621 467 3669 ιο
487 3617 563 3685 (cip.
584 3619 671 3686 mas).
708 3619 776 3672 nse.
791 3620 858 3690 orep.
879 3625 904 3686 c,
919 3624 961 3685 aa,
977 3624 1018 3672 ιι.

1243 3867 1244 3927 t

1240 3967 1243 4039 i
