2552 4082
233 257 283 311 AD
303 257 423 313 silvai
440 257 617 312 PRAEFAT.
636 257 809 313 HVSGHKII
826 257 884 312 ΕΙ).
898 255 918 312 Ι.
1045 257 1084 312 IX

65 443 83 482 a
105 425 252 486 Romanis
276 427 396 486 saeoulo
414 426 458 484 IV
479 427 528 486 vel
551 427 579 484 V
601 427 724 486 redacta
747 445 808 486 esse
831 426 982 500 videatur,
1004 427 1085 486 infru

64 532 118 572 suo
153 516 219 575 loco
251 517 284 574 in
315 516 372 576 hae
403 515 655 592 iurisprndentiae
683 517 935 576 anteiustinianae
967 515 1086 593 sylloga

65 603 212 662 edendam
243 605 420 675 curabimus.
479 607 553 664 item
589 606 793 683 fragmenta
828 605 1086 680 interpretationis

64 692 415 771 Augustodunensia
443 714 538 772 nuper
564 695 688 754 inventa
714 693 794 752 inter
823 694 934 753 saeculi
960 692 989 750 V
1016 693 1084 752 reli·

65 783 156 856 quias
178 783 349 860 recipienda
372 786 466 842 enmt.

159 923 301 1000 Berolini,
323 944 424 985 mense
446 925 546 1003 Aprili
569 944 595 984 a.
617 925 711 985 1903.

88 1359 338 1428 PRAEFATIO
360 1359 576 1430 Hvscfflffl
599 1361 823 1428 EDITIONIS
846 1361 1063 1450 PRIMAE.*)

501 1543 652 1618 salvs

68 1698 123 1764 De
147 1699 241 1766 Gaio
267 1700 426 1784 eiusque
450 1701 609 1787 seriptis
633 1705 670 1766 et
691 1699 760 1766 hae
783 1700 884 1765 Insti
909 1701 1086 1766 utionum

216 1808 299 1872 eius
323 1807 495 1872 editione
519 1808 745 1873 dissertatio
768 1807 934 1892 praevia.

135 1973 237 2032 Pauca
255 1976 334 2048 sunt,
358 1992 434 2050 quae
453 1974 489 2032 de
508 1972 583 2034 Gaio
606 1976 687 2033 nemo
711 1975 857 2033 constant.
903 1971 1004 2032 Unum
1022 1975 1087 2032 eius

70 2061 125 2122 hoo
155 2081 266 2122 nomen
293 2063 379 2122 nobis
406 2063 553 2122 traditum
581 2066 626 2122 est
652 2065 716 2122 tam
743 2065 775 2121 in
802 2062 886 2121 libris
916 2062 1003 2137 iuris,
1034 2061 1088 2120 ubi

70 2151 199 2226 primum
212 2153 246 2210 in
261 2149 429 2210 collatione
443 2155 524 2211 nerto
539 2154 691 2229 comparet
697 2145 718 2226 ¹,
737 2170 827 2228 quam
842 2170 860 2210 a
875 2151 1088 2230 grammaticis,

71 2259 197 2314 quorum
224 2241 339 2316 primus
363 2240 521 2300 Diomedes
545 2235 635 2320 [saeo.
654 2238 710 2316 IV]
743 2232 801 2321 (ed.
820 2240 941 2299 Putsoh.
964 2259 992 2315 p.
1013 2241 1086 2299 375.

70 2327 143 2388 Keil.
160 2329 219 2405 ip.
232 2331 272 2388 37
277 2323 321 2409 9),
341 2331 368 2388 si
385 2329 473 2389 modo
489 2330 568 2405 quod
585 2330 732 2388 traditum
750 2329 794 2388 ibi
812 2333 857 2389 est
870 2331 903 2388 in
917 2329 1001 2388 libris
1017 2347 1087 2388 mss,

71 2412 221 2477 ‘Gauium'
242 2418 280 2476 ad
299 2417 409 2476 Gaium
430 2420 510 2478 reete
532 2419 669 2492 refertur,
688 2421 719 2477 et
736 2419 826 2493 paulo
846 2419 970 2477 inferior
988 2419 1088 2477 seculo

70 2506 128 2566 fere
137 2509 262 2566 ineunte
272 2507 377 2582 quinto
386 2506 508 2566 Servius
517 2507 689 2566 Honoratus
699 2507 738 2565 ad
745 2506 857 2586 Vergil.
869 2505 974 2584 Georg.
987 2508 1085 2582 3‚306

71 2594 179 2655 Gaium
193 2599 373 2656 memorant:
391 2615 493 2656 omnes
506 2615 576 2656 vero
590 2595 647 2655 hoe
657 2598 721 2656 sine
731 2594 821 2655 dubio
836 2616 854 2655 a
868 2597 1088 2656 iurisconsultis

71 2686 117 2743 vel
140 2683 249 2744 aGaii
275 2685 420 2744 librorum
446 2686 559 2759 titulis,
587 2687 619 2744 in
643 2685 750 2761 quibus
773 2685 885 2744 dudum
912 2705 1005 2743 unum
1032 2685 1088 2744 hoe

70 2792 190 2849 nomen,
218 2775 308 2832 utin
330 2774 415 2834 libris
438 2775 605 2834 tritissimis
628 2774 693 2834 fieri
716 2775 805 2848 solet,
829 2773 918 2833 soribi
941 2777 1089 2847 sueverat,

72 2864 203 2922 mutuati
227 2865 305 2922 sunt.
350 2863 386 2922 Id
407 2865 507 2940 ipsum
533 2881 619 2936 vero,
646 2864 783 2938 quamvis
812 2865 904 2922 etiam
926 2863 958 2920 in
981 2881 1088 2921 noman

71 2952 180 3010 abierit
199 2943 325 3032 (Osann,
344 2951 382 3011 ad
400 2951 544 3029 Pompon.
563 2970 592 3029 p.
611 2944 694 3032 XIX)
719 2953 750 3010 et
771 2953 804 3009 in
827 2970 990 3030 cognomen
1014 2943 1088 3033 (vid.

70 3041 182 3100 indioes
202 3038 289 3117 Gorp.
308 3041 442 3118 inscript.
462 3033 552 3122 Lat),
575 3041 724 3116 plerisque
744 3044 845 3099 tamen
864 3043 894 3099 et
911 3043 985 3116 puto
1007 3043 1088 3100 reeta

71 3131 132 3190 eins
156 3129 289 3189 ereditur
311 3149 504 3206 praenomen,
532 3131 610 3190 siout
633 3129 730 3190 Servii
753 3131 829 3188 atius
852 3128 931 3204 IOti,
959 3129 1088 3212 plerum-

135 3353 169 3435 ᾗ)
190 3351 269 3417 Quae
291 3371 342 3408 nos
365 3354 488 3425 paucula
512 3354 688 3420 addidimus,
711 3353 791 3408 uncie
820 3352 966 3423 quadratis
985 3355 1021 3425 []
1045 3353 1088 3406 in-

75 3424 233 3566 elusrgugn
261 3497 337 3549 enim
364 3495 464 3564 Gaius,
493 3512 577 3566 quem
604 3495 774 3565 Pomponius
801 3497 928 3550 nostrum
961 3494 1090 3565 appellat

74 3565 100 3618 t.
116 3572 158 3620 39.
179 3566 212 3620 Ι).
233 3566 269 3620 de
288 3567 353 3637 stip.
373 3584 441 3622 serv.
462 3569 516 3637 (45,
531 3572 573 3638 3),
596 3568 633 3621 ad
656 3568 730 3620 hune
748 3565 911 3621 referendus
930 3566 980 3634 sit,
999 3566 1089 3620 ambi·

75 3638 154 3707 gitur.
193 3637 258 3692 Vid.
278 3656 305 3707 p.
320 3637 384 3694 XIV
401 3642 459 3694 not.
476 3646 499 3694 1.
