2516 4074
193 229 235 294 88
313 215 318 226 '
486 229 548 282 aar
570 229 743 282 neaman
763 233 911 282 149-151.

192 415 259 457 non
286 393 354 456 iure
381 393 484 456 foetae
513 391 606 456 sunt1
634 397 690 456 aut
717 393 786 456 iure
813 391 918 456 faotae
941 393 1055 474 postea
1076 385 1195 472 rupted

191 484 245 546 uel
267 483 382 545 inritae
407 485 509 564 erunt,
532 483 689 546 bonorum
713 481 948 564 possessionem
976 479 1150 560 aeoipiunt,
1172 479 1193 539 si

193 571 289 636 modo
309 575 444 654 possunt
462 570 672 634 hereditatem
692 571 846 652 optinere,
863 567 1029 632 habebunt
1048 567 1192 631 bonorum

193 661 427 742 possessionem
460 681 533 723 eum
564 681 612 743 re3
647 660 675 722 si
706 681 782 722 uero
816 659 855 722 ab
883 658 934 721 his
963 657 1092 720 auocari
1119 657 1193 719 here-

193 749 275 812 ditas
297 753 418 832 potest,
445 748 609 812 habebunt
631 749 790 813 bonorum
814 746 1049 829 possessionem
1073 745 1140 808 sine
1159 765 1192 806 re.

192 838 256 902 149.
279 837 366 903 Nam
390 839 417 900 si
441 838 511 920 quis
536 838 627 901 heres
651 838 720 900 iure
743 836 830 900 eiuili
849 835 1016 899 institutus
1035 834 1078 896 sit
1096 834 1147 896 uel
1162 855 1193 896 er

193 927 297 1008 primo
325 928 379 990 uel
406 948 444 989 ex
472 926 648 1008 posteriore
675 929 882 1006 testamento,
909 924 963 986 uel
990 923 1030 986 ab
1054 923 1193 986 intestato

193 1017 261 1096 iure
288 1015 434 1100 legitimo
462 1014 553 1078 heres
582 1016 636 1096 sit,
669 1015 696 1078 is
724 1017 831 1097 potest
859 1013 898 1076 ab
926 1013 967 1076 iis
996 1011 1193 1076 hereditatem

140 1115 173 1162 92
193 1125 340 1186 euocare3
364 1104 391 1166 si
413 1125 489 1167 uero
513 1125 607 1168 nemo
629 1105 633 1185 )
654 1105 696 1167 sit
718 1104 799 1166 alius
822 1103 890 1165 iure
914 1102 1001 1165 oiuili
1023 1101 1127 1183 heres,
1143 1099 1193 1182 ipsi

192 1193 329 1256 retinere
356 1192 566 1256 hereditatem
593 1197 742 1275 possunt,
769 1213 829 1256 nee
852 1192 955 1254 ullum
978 1191 1029 1254 ius
1053 1189 1192 1254 aduersus

194 1292 248 1346 eos
286 1283 406 1346 habent
438 1282 582 1367 cognati,
618 1283 673 1363 qai
709 1281 854 1366 legitimo
897 1281 965 1342 iure
1006 1279 1192 1343 deficiantur.

193 1371 270 1436 149⁸.
293 1370 478 1454 Aliquando
501 1377 613 1448 tumea,
636 1372 715 1434 sicud
736 1391 832 1452 supra
858 1390 986 1452 quoque
1012 1369 1193 1447 notauimus,

194 1461 291 1524 etiam
313 1457 486 1545 legitimis³
509 1481 637 1542 quoque
659 1459 820 1523 heredibus
843 1459 984 1540 potiores
1013 1458 1125 1540 scripti
1148 1457 1192 1519 ha·
1243 1517 1244 1520 ,

193 1550 318 1632 bentur,
341 1548 437 1613 uehdd
460 1550 487 1612 si
510 1549 581 1612 ideo
601 1569 664 1612 noa
682 1551 750 1612 darre
768 1548 890 1612 fastum
909 1548 951 1610 sit
968 1549 1193 1624 testamentum,

194 1637 280 1721 quod
311 1638 434 1701 familia
463 1660 529 1702 non
560 1637 696 1701 uenierit
732 1641 788 1701 aut
824 1637 1072 1718 nuncupationis
1109 1635 1193 1698 uerba

193 1730 329 1790 testator
359 1727 486 1790 loeutus
519 1748 586 1790 non
617 1727 672 1810 sit3
696 1750 711 1785 4
736 1751 752 1786 4
778 1750 793 1785 *
818 1723 853 1784 44
875 1727 905 1789 si
936 1723 1067 1810 adgnati
1095 1725 1193 1806 petent

194 1815 398 1879 hereditatem
418 1853 459 1860 -
492 1815 554 1878 15⁰.
578 1853 684 1860 ---—
702 1838 742 1874 ov.
762 1825 798 1892 3)
815 1812 944 1860 ——--⁴
971 1835 1006 1878 ea
1027 1815 1100 1898 lege
1121 1813 1193 1876 bona

197 1905 314 1968 oaduoa
341 1905 424 1968 fiunt
451 1908 484 1968 et
511 1904 550 1967 ad
578 1906 733 1987 populum
767 1903 881 1968 deferri
908 1903 1072 1984 iubentur,
1102 1903 1127 1964 si
1151 1901 1193 1962 de

194 1993 305 2057 functo
329 2015 423 2058 nemo
447 1993 532 2057 heres
553 1993 603 2056 ud
625 1993 772 2057 bonoram
788 2013 946 2074 possessor
967 1989 1031 2056 sd.5

260 2082 318 2146 151.
342 2081 453 2146 Potest
471 2080 567 2163 deod,
591 2087 627 2145 ut
646 2083 714 2146 iure
732 2082 818 2146 faeta
835 2084 1028 2145 testamenta
1051 2078 1193 2144 matram

193 2171 351 2236 dotantote
382 2169 607 2235 infirmentur.⁷
653 2174 785 2253 apparet
817 2177 919 2235 uatem
950 2191 1017 2233 non
1047 2189 1135 2251 posse
1158 2185 1193 2228 ea

268 2401 293 2466 1)
313 2397 369 2450 sint
387 2398 420 2451 V.
507 2402 533 2468 2)
552 2400 658 2468 nuptae
676 2399 709 2463 V,
798 2402 823 2468 3)
842 2397 985 2468 legitimus
1005 2397 1037 2450 V.
1119 2397 1142 2464 4)
1158 2394 1193 2446 sir

194 2471 251 2535 fere
268 2470 428 2523 sententiam
446 2471 586 2538 suppleas.-
613 2472 674 2522 tum
693 2470 781 2537 enim,
801 2471 829 2523 si
848 2468 992 2538 adgnati
1010 2468 1128 2536 petant
1143 2465 1192 2516 he-

195 2540 381 2607 reditatem,
403 2556 454 2608 per
477 2541 669 2609 exceptionem
689 2540 747 2594 doli
769 2540 838 2594 mali
861 2556 900 2594 ex
923 2538 1132 2592 constitutione
1148 2536 1192 2589 im-

195 2610 332 2680 peratoris
355 2611 491 2665 Antonini
510 2611 696 2666 summoueri
720 2614 853 2680 possunt.
891 2612 1037 2680 (hueusque
1059 2608 1192 2664 secundum

196 2682 254 2736 Ha.
277 2683 416 2751 sequeutia
434 2684 581 2737 secuudum
602 2683 783 2753 Krueyeram)
812 2688 902 2748 §150-
927 2697 994 2736 sane
1017 2681 1092 2752 lege
1114 2677 1191 2732 Iulia

196 2753 308 2822 seriptis
331 2771 387 2807 non
412 2753 538 2807 aufertur
560 2754 715 2820 hereditas,
739 2753 763 2807 si
781 2753 918 2807 bonorum
935 2767 1147 2822 possessores
1163 2763 1191 2800 ex

196 2824 289 2878 edicto
304 2825 451 2879 constituti
466 2826 530 2878 sint.
559 2842 625 2878 nam
638 2825 680 2878 ita
695 2826 807 2878 demum
821 2840 855 2878 ea
868 2825 931 2894 lege
949 2831 996 2879 etc.
1077 2826 1102 2891 5)
1115 2820 1191 2888 suppl·

196 2897 254 2950 Hu.
346 2899 371 2966 6)
391 2897 556 2952 addidimus.
649 2899 674 2966 7)
694 2896 849 2950 infirmetur
867 2897 900 2949 V.

268 3115 370 3174 §149⁸.
399 3111 494 3180 supra]
516 3115 620 3176 2‚120;
642 3115 699 3162 121.

268 3185 356 3244 §mo
392 3181 432 3246 Os.
459 3181 517 3249 Ulp.
538 3185 580 3246 28,
602 3186 624 3233 7.
667 3181 1045 3248 1).30‚9s,1(1ol.553).
1085 3186 1108 3245 1,
1126 3183 1148 3242 ὅ,
1166 3178 1193 3227 26

197 3252 260 3319 (roz.
282 3254 351 3320 781).
380 3252 458 3316 iufra
478 3257 502 3318 3,
518 3257 559 3304 78.

268 3328 283 3388 ξ
300 3327 358 3375 151.
387 3323 427 3387 Cf.
448 3323 529 3376 Paul.
549 3323 607 3376 eod.
629 3329 670 3389 16,
686 3328 709 3388 3,
727 3330 749 3375 1.
787 3324 824 3376 1).
846 3326 887 3388 28,
903 3328 959 3388 4‚3
979 3322 1114 3390 (Marcell.
1134 3319 1193 3384 4433).

197 3399 239 3458 34,
255 3398 279 3459 3,
296 3399 328 3446 12
348 3393 429 3461 (Pap.
445 3396 515 3462 aar).
543 3399 585 3460 aa,
600 3400 626 3459 4,
641 3399 657 3446 4
677 3395 757 3462 (Pap.
774 3397 844 3463 333).
872 3399 914 3459 ae,
927 3399 950 3459 1,
962 3399 1031 3462 33,3
1046 3399 1070 3448 et
1085 3398 1125 3457 34,
1134 3397 1157 3456 4,
1167 3392 1194 3440 44

197 3464 278 3532 (Pap.
295 3467 365 3532 343).
404 3469 446 3530 34,
462 3469 486 3529 3,
503 3470 575 3530 raa
595 3465 676 3533 (Pap.
692 3469 762 3533 333).
802 3470 845 3531 aa,
859 3471 916 3532 4‚a
936 3465 1012 3534 (Ua.
1028 3467 1082 3534 81).
1119 3466 1158 3526 33,
1175 3464 1195 3523 e,

198 3541 222 3600 1,
233 3535 358 3674 33)(133.
381 3537 467 3604 neo).
505 3542 547 3600 44,
567 3542 592 3602 4,
611 3542 636 3602 4,
658 3541 690 3588 10
714 3537 790 3604 (Uip.
813 3539 900 3606 1678).
939 3540 981 3602 aa,
1000 3543 1026 3602 4,
1048 3543 1071 3610 r,
1091 3539 1106 3587 3
1129 3531 1195 3601 (Uip.
