2552 4082
185 259 225 315 VI
432 260 482 315 ho
501 259 619 316 GAIVM
637 259 813 314 PRAEFA'I'.
832 259 890 314 ΕΙ).
905 253 951 315 Vl.

183 431 376 506 simplicitate
396 429 610 507 explanatione.
658 447 734 504 quae
757 431 884 488 virtutes
907 429 1058 505 pedestres
1077 427 1199 488 secundi

184 518 297 578 ordinis
317 519 561 578 iurisconsultum
583 537 651 576 eum
674 518 842 578 labentibus
865 518 991 578 saeculis
1013 519 1198 577 commenda·

183 610 299 682 verunt,
314 627 390 683 quae
400 611 431 666 ct
439 607 577 667 laudibus
587 627 655 666 eum
669 608 841 666 extulerunt
855 610 886 666 et
899 608 1048 666 triverunt
1061 606 1199 666 manibus

183 689 235 776 (of.
250 716 293 756 ex.
308 716 350 774 gr.
368 695 467 754 111.
484 700 512 770 1,
522 697 581 772 4,3
598 716 623 755 1.
634 689 723 776 426).
764 698 866 756 utrum
883 695 1031 772 Ulpianus
1049 697 1082 754 in
1100 695 1199 755 elabo-

182 786 276 844 rando
306 786 477 864 regularum
503 785 580 844 libro
609 784 766 863 singulari,
800 787 853 860 qui
880 785 918 844 ad
945 785 1069 844 verbum
1096 785 1199 843 multis

182 875 318 952 partibus
332 893 399 933 cum
413 873 488 934 Gaio
502 873 650 949 convenit,
664 874 871 934 Institutiones
887 873 1017 933 Gaianas
1030 873 1200 932 adhibuerit

183 983 223 1022 an
236 965 336 1040 potius
351 983 386 1022 ex
399 964 482 1022 fonte
498 963 600 1023 eodem
614 982 673 1038 quo
692 963 793 1038 Gaius,
813 966 943 1022 ceterum
956 963 1060 1040 ignoto
1080 954 1199 1044 (Sabini

183 1055 232 1111 vel
247 1052 477 1112 Sabinianorum
495 1047 636 1133 alicuius)
653 1053 795 1126 hauserit,
814 1053 845 1110 in
863 1052 976 1111 incerto
994 1052 1198 1127 relinquimus.

182 1142 363 1202 Iustinianas
390 1141 596 1202 Institutiones
624 1139 746 1202 (11111111
773 1142 933 1219 praecipue
959 1140 1018 1199 niti
1044 1160 1131 1200 nemo
1155 1144 1200 1200 est

187 1231 238 1307 qui
260 1231 386 1308 ignoret.

249 1319 419 1379 institut
393 1323 531 1378 t1onum
558 1312 804 1379 commentarios1
835 1322 973 1395 quatuor,
1005 1336 1079 1394 opus
1106 1318 1199 1377 intro·

184 1408 360 1468 ducendis
352 1429 385 1466 m
415 1408 489 1467 iuris
521 1408 711 1486 disciplinam
741 1409 891 1468 tironibus
923 1412 987 1467 tam
1018 1407 1200 1468 destinatum

183 1517 276 1573 quam
298 1499 410 1573 aptum,
435 1495 526 1556 Gaius
548 1497 661 1573 partim
684 1500 754 1556 ante
777 1517 803 1556 a
825 1498 904 1598 161,Ι
925 1497 1037 1573 partim
1060 1499 1129 1572 post
1152 1516 1199 1554 ex-

184 1588 295 1661 aravit,
324 1605 390 1644 cum
413 1585 597 1645 Antoninum
620 1586 708 1644 Pium
731 1587 833 1646 vivum
859 1587 956 1662 primo
986 1585 1089 1644 laudet
1112 1577 1199 1666 (Inst.

186 1679 214 1750 1,
239 1677 294 1749 53,
320 1677 375 1750 74,
401 1677 471 1734 102.
506 1678 540 1749 2,
565 1676 641 1750 126,
667 1668 782 1756 1511),
815 1675 920 1734 deinde
943 1675 1045 1734 divum
1069 1674 1201 1750 appellet

184 1757 333 1846 (2195).
379 1763 470 1823 libros
494 1767 623 1838 quatuor
641 1783 701 1822 una
720 1783 820 1823 omnes
840 1765 939 1840 potius
958 1784 1050 1839 quam
1067 1764 1200 1841 singulos

183 1854 321 1928 deinceps
344 1853 517 1928 publicavit.
563 1852 655 1912 libros
678 1847 817 1927 dicimus,
841 1873 970 1928 namque
993 1852 1200 1912 institutiones

183 1945 300 2002 nostras
323 1943 437 2000 dietata
465 1940 520 2000 Gai
543 1943 743 2018 praeceptoris
772 1961 833 2001 esse
862 1945 997 2000 currente
1026 1943 1140 2000 calamo
1168 1943 1201 1998 in

184 2031 354 2089 auditorum
385 2029 582 2108 pugillaribus
615 2033 736 2106 excepta
768 2034 799 2089 et
827 2029 864 2088 ab
891 2031 956 2106 ipso
986 2029 1060 2090 Gaio
1087 2029 1200 2106 publici

183 2120 257 2178 iuris
284 2121 379 2193 facta,
410 2119 477 2178 ideo
505 2118 624 2179 videtur
653 2119 857 2195 refutandum,
890 2121 962 2194 quia
994 2122 1024 2178 et
1056 2119 1200 2179 orationis

183 2209 265 2268 nitor
292 2212 323 2267 et
348 2208 381 2265 in
408 2207 496 2266 rebus
524 2207 733 2282 componendis
762 2207 917 2286 diligentia
942 2209 1127 2284 pessumdari
1150 2210 1201 2267 via

183 2297 239 2356 illa
267 2299 363 2356 solent
390 2315 484 2372 neque
512 2296 672 2356 verisimile
700 2299 745 2356 est
772 2297 950 2375 magistrum
978 2316 1054 2373 quae
1080 2300 1200 2374 praesto

185 2389 257 2444 sunt
280 2386 379 2444 omnia
401 2385 558 2460 pandendo
582 2386 697 2444 scholas
721 2403 788 2445 suas
813 2405 964 2445 evacuare.

202 2545 204 2550 ,
252 2473 420 2533 Ordinem
455 2494 554 2534 rerum
590 2475 827 2550 tractandarum,
864 2475 895 2533 id
932 2479 977 2534 est
1008 2493 1202 2550 personarum

183 2584 283 2623 rerum
310 2563 461 2623 actionum
488 2563 709 2622 trichotomiam
737 2555 809 2645 (vid.
839 2563 1036 2640 Conspectum
1064 2565 1096 2620 in
1119 2564 1200 2621 calce

184 2653 323 2713 editionis
346 2655 465 2712 nostrae
489 2645 652 2733 additum),
676 2653 769 2712 Gaius
793 2671 853 2712 non
876 2653 1071 2730 excogitasse,
1094 2651 1146 2712 sed
1169 2652 1201 2710 in

183 2743 283 2800 fructu
309 2741 447 2801 habuisse
475 2741 636 2802 censendus
665 2745 717 2802 est.
767 2743 823 2801 hoo
854 2741 956 2800 ordine
985 2742 1116 2800 delineat
1143 2743 1200 2800 ius

183 2833 367 2906 privatum
395 2831 586 2906 ordinemque
613 2831 791 2890 iudiciorum
818 2831 1017 2907 privatorum,
1049 2830 1080 2888 in
1108 2850 1202 2887 unum

183 2939 290 2996 corpus
314 2919 441 2979 conflato
464 2921 528 2979 iure
552 2921 634 2980 civili
657 2939 691 2979 ac
714 2918 873 2996 praetorio.
918 2921 1124 2979 verumtamen
1152 2919 1201 2976 de-

183 3009 352 3067 siderantur
383 3010 493 3083 multa,
526 3029 568 3066 ex.
600 3031 642 3087 gr.
671 3011 737 3067 iura
764 3009 856 3084 dotis,
890 3008 1047 3067 castrensis
1080 3007 1201 3083 peculii,

183 3100 318 3174 pignoris
341 3098 572 3175 hypothecaeve,
590 3099 673 3176 longi
690 3099 833 3172 temporis
854 3095 1107 3174 praescriptionis
1131 3116 1201 3172 que-

184 3187 275 3245 rellae
314 3187 473 3246 inofficiosi
508 3187 693 3261 testamenti,
730 3189 936 3246 contractuum
972 3185 1024 3261 qui
1060 3184 1203 3244 dicuntur

185 3276 447 3350 innominatorum,
466 3274 544 3334 scd.
565 3276 730 3352 Vellaeani,
751 3275 965 3334 Macedoniani.

184 3538 186 3543 -
257 3501 283 3568 1)
304 3497 1201 3568 001111111111111’11111111111111111111111111111111,

183 3569 316 3640 Bcitritge
335 3588 383 3624 aur
401 3569 584 3640 Beurteilung
603 3542 665 3623 (111υ
670 3541 793 3640 Spraclie
812 3568 940 3637 Caesare,
964 3568 1105 3623 Munohen
1121 3575 1201 3638 1900,

186 3649 318 3712 p..11sq
