2516 4074
210 241 272 306 128
517 241 579 296 GAI
597 241 727 300 INSTIT.
747 241 785 296 ΙΙΙ
804 248 917 296 2ο-22.

207 406 255 472 20.
279 407 371 472 Idem
395 407 472 471 iuris
496 411 553 490 est,
577 409 604 472 si
627 409 698 474 ideo
722 409 816 473 liberi
834 429 899 472 non
922 408 987 471 sint
1006 409 1040 470 in
1062 411 1205 490 potestate

207 497 316 582 petris,
340 497 415 580 quin
438 497 503 560 sint
527 517 599 561 oum
623 519 661 562 eo
685 499 815 563 ciuitate
834 493 998 561 Romanu
1026 496 1133 560 donati
1156 517 1205 560 nec

207 587 248 650 ab
267 587 459 669 imperatore
477 587 512 650 in
529 585 741 669 potestatem’
761 586 881 651 redacti
899 585 1027 650 fuerint.
1073 584 1114 649 21.
1136 583 1205 649 Item

208 676 317 760 agnati
340 676 444 759 capite
467 675 624 739 deminuti
646 697 712 740 non
735 676 948 740 admittuntur
971 697 1011 738 ex
1030 697 1067 738 ea
1087 676 1154 760 lege
1174 674 1206 737 ed

207 763 425 846 hereditatem,
445 765 520 848 quia
538 785 657 830 nomen
675 765 856 852 agnationis
876 765 989 847 capitis
1004 761 1206 828 deminutione

207 854 383 937 perimitur.
420 851 469 917 22.
492 851 574 916 Item
593 855 741 937 proximo
762 858 879 940 agnato
897 874 965 917 non
983 853 1118 917 adeunte
1132 853 1206 916 here

208 943 340 1006 ditetem
363 942 465 1006 nihilo
489 943 592 1028 magis
616 964 752 1026 sequens
775 944 843 1008 iure
866 943 1012 1027 legitimo
1034 941 1206 1006 admittitur.

208 1030 256 1096 23.
284 1029 365 1095 Item
388 1030 525 1095 feminee
549 1037 697 1117 agnatae,
725 1053 944 1116 quaecumque
973 1031 1206 1116 consanguineo-

706 1122 712 1134 '
741 1123 747 1134 “
797 1122 803 1134 ’
848 1122 853 1133 ·
1197 1116 1207 1152 t

207 1119 769 1275 2..222111111
794 1143 943 1296 222
970 1119 1207 1293 2222..

207 1298 277 1362 nini
299 1319 393 1362 sexus
411 1319 564 1381 personas
586 1299 820 1364 necessitudine
844 1299 1030 1384 iunguntur,
1053 1297 1130 1362 adeo
1151 1297 1207 1379 qui·

209 1387 295 1469 dem,
327 1392 363 1450 ut
394 1408 454 1451 nec
485 1389 570 1452 inter
601 1393 736 1454 matrem
769 1392 801 1452 et
828 1387 932 1451 filium
964 1387 1106 1452 filiamue
1135 1387 1206 1449 ultro

210 1477 353 1560 citroque
385 1477 570 1542 hereditatis
604 1477 775 1561 capiendae
807 1478 856 1540 ius
890 1479 1053 1560 conpetat,
1087 1479 1207 1559 praeter-

211 1587 307 1648 quam
331 1566 358 1629 si
380 1587 438 1648 per
460 1567 494 1629 in
517 1587 649 1630 manum
668 1567 914 1631 conuentionem
939 1563 1207 1650 consanguinitatis

209 1655 279 1718 iura
302 1655 385 1718 inter
407 1676 462 1718 eos
486 1653 716 1720 constiterint*

276 1743 324 1808 25.
348 1741 411 1807 Sed
429 1744 490 1808 hae
513 1745 590 1807 iuris
614 1745 799 1828 iniquitates
821 1744 925 1808 edicto
944 1743 1101 1826 praetoris
1119 1763 1208 1806 emen-

141 1842 189 1890 131
211 1832 302 1896 datae
322 1829 327 1918 t
348 1837 430 1896 sunt.
481 1831 529 1896 26.
557 1831 643 1896 Nam
671 1854 724 1897 eos
754 1854 877 1915 omnes,
905 1833 961 1915 qui
988 1832 1131 1916 legitimo
1153 1831 1208 1892 iure

210 1920 414 2003 deficientur,
444 1927 539 1986 uocat
567 1922 607 1985 ad
630 1917 870 2004 hereditatem⁵‚
902 1921 1036 2004 proinde
1069 1941 1105 1984 ac
1135 1919 1208 1982 siin
1250 1929 1251 2021 t

210 2014 368 2093 potestate
400 2011 541 2094 parentis
575 2012 686 2076 mortis
714 2015 859 2094 tempore
885 2010 1036 2092 fuissent,
1069 2011 1134 2074 siue
1160 2007 1209 2070 soli

211 2100 288 2181 sint,
320 2101 387 2163 siue
415 2100 511 2163 etiam
540 2101 589 2164 sui
616 2100 761 2182 heredes,
794 2100 826 2164 id
854 2103 902 2163 est
930 2099 986 2181 qui
1009 2099 1043 2161 in
1066 2101 1208 2181 potestate
1249 2157 1250 2170 ,

196 2253 425 2261 =—--——-.....-.
1249 2171 1250 2265 i

284 2349 309 2413 1)
327 2359 396 2416 pm·
412 2344 444 2400 V.
523 2349 550 2415 2)
568 2348 709 2416 potestate
724 2347 756 2400 V.
836 2349 863 2414 3)
882 2344 1023 2400 habentur
1034 2345 1065 2397 V.
1136 2346 1160 2408 4)
1173 2341 1209 2395 Se·

211 2417 305 2486 quitur
323 2417 396 2471 linea
418 2433 514 2472 uacuo.
624 2421 651 2486 ὃ)
674 2419 809 2487 quaedam
831 2419 962 2472 excidisse
982 2417 1116 2471 uideatur.
1145 2413 1210 2468 Pou-

211 2504 284 2541 near
310 2489 430 2556 supplet:
458 2488 507 2542 sed
534 2487 637 2544 liberos
661 2489 775 2557 quidem
799 2489 991 2557 emancipatos
1019 2487 1109 2556 primo
1134 2483 1210 2554 gradu

211 2560 296 2612 uocat
319 2557 356 2610 ad
379 2558 572 2614 hereditatem.
611 2561 740 2614 Fortasse
758 2561 855 2614 melius
872 2561 926 2614 sic:
949 2575 983 2613 ac
1000 2558 1093 2628 primo
1111 2557 1210 2625 quidem

212 2629 302 2700 gradu
321 2629 423 2683 liberos
443 2632 634 2700 emancipatos
653 2635 737 2684 uocet
756 2631 793 2684 ad
811 2630 1006 2684 hereditatem.

284 2849 360 2909 520.
395 2844 436 2912 Of.
455 2862 541 2914 supra
565 2851 660 2912 1‚93;
683 2851 775 2911 94.2‚
797 2850 878 2898 1252.
917 2844 983 2898 Uolt.
1005 2849 1053 2910 16,
1074 2839 1210 2910 amco.
1246 2877 1247 2920 3

215 2921 301 3052 1927}
319 2992 361 3040 21.
391 2987 433 3053 Of.
448 2987 472 3040 1.
490 2993 515 3052 3,
530 2994 555 3054 5,
572 2993 594 3040 1.
628 2987 690 3056 Uip.
711 2991 753 3054 27,
769 2993 793 3040 5.
821 2987 900 3054 infra
914 2992 939 3053 3,
955 2991 996 3040 ut.
1025 3003 1111 3055 mepta
1127 2991 1147 3050 1,
1163 2986 1210 3035 158.
1246 2921 1247 2999 i

284 3063 361 3123 §22
391 3057 433 3124 Of.
447 3073 534 3127 supra
553 3064 635 3124 3,12.
673 3058 751 3124 infra
770 3065 794 3127 3,
810 3064 852 3112 28.

286 3133 362 3194 223.
393 3129 434 3195 Of.
453 3145 541 3197 supro
560 3135 642 3196 3,14.

285 3206 362 3265 §24-
393 3201 434 3266 cf.
454 3200 516 3268 Uip.
537 3205 663 3267 naua
700 3202 724 3253 Ι.
745 3206 801 3266 ae
816 3218 861 3270 pr.
897 3216 985 3268 supra
1004 3205 1028 3266 2,
1047 3205 1072 3254 a.
1111 3195 1211 3267 92222.
1245 3167 1246 3244 t

214 3273 278 3326 inst.
298 3277 366 3326 orat.
387 3277 412 3336 4,
428 3277 453 3337 2,
468 3277 492 3324 5.
1244 3319 1245 3330 .

285 3343 433 3409 sessos.
452 3344 476 3396 1.
493 3348 549 3408 ao
560 3361 604 3412 pr.
625 3349 649 3409 a,
665 3345 777 3411 2222.
797 3348 899 3412 supr.
922 3343 990 3395 ree.
1006 3347 1101 3409 e‚1‚s.
1130 3340 1163 3392 1).
1177 3343 1211 3398 38.

214 3419 270 3478 8,2
290 3414 365 3482 (Gai.
386 3417 457 3482 295).
494 3415 574 3481 iufra
593 3421 618 3481 3,
632 3421 674 3468 41.
1244 3413 1245 3490 i

285 3490 300 3549 s
320 3490 361 3537 se.
392 3485 641 3554 ofisupraa1e3
661 3491 703 3540 2ο.
733 3486 798 3540 uolt.
819 3491 860 3549 16,
877 3489 932 3548 ue
953 3484 1030 3553 (Uip.
1047 3486 1133 3552 1222).
1161 3479 1210 3546 cup.
1243 3527 1244 3560 ,

214 3559 257 3621 22,
272 3559 296 3608 a.
334 3556 404 3620 ne,
420 3561 483 3622 1‚e.
521 3549 1211 3626 12322222222622).22221222.

215 3628 285 3693 sss).
306 3631 347 3692 32,
365 3633 406 3694 rs,
423 3634 446 3692 1,
462 3633 477 3680 2
497 3628 584 3698 (Mod.
606 3631 675 3696 rao).
714 3628 768 3682 oie.
784 3629 858 3682 Veis.
878 3633 903 3694 2,
920 3633 1001 3694 nm,
1018 3632 1077 3681 114.
