2516 4074
283 285 287 295 ,
340 237 403 291 dni
421 236 549 291 ΙΝΒΤΙΤ.
567 237 607 291 111
626 237 738 294 as-ea.
982 239 1043 306 131

38 407 132 468 uocat.
179 403 298 485 quibus
327 402 453 466 essibus
482 401 672 465 beneficium
697 403 764 466 eius
788 403 821 466 in
845 423 882 466 eo
906 405 975 468 solo
999 406 1045 469 ui-

39 494 122 556 detur
144 493 289 575 aliquam
312 491 486 554 utilitatem
509 491 640 572 habere,
667 495 704 555 ut
726 491 767 574 is,
795 493 851 574 qui
877 493 923 556 ita
946 494 1044 558 bono-

38 604 102 646 ram
129 581 369 665 possessionem
396 579 491 664 petit,
519 579 702 661 interdiato,
731 581 821 644 euius
848 582 1043 665 principium

40 676 81 734 est
102 685 249 746 qvorvm
267 677 447 750 BONORVM,
470 669 518 731 uti
536 669 652 751 possit,
675 669 764 732 euius
784 670 944 734 interdicti
963 693 1044 754 quae

40 761 75 823 sit
92 759 225 840 utilitas,
244 779 302 821 suo
322 757 394 821 loeo
413 777 644 840 proponemus3
664 757 806 840 alioquin
825 762 948 823 remota
967 781 1043 842 quo·

41 847 271 1000 qplieflponorum
291 847 493 930 possessione
512 845 551 909 ad
570 865 624 909 eos
642 846 801 910 hereditas
819 849 958 930 pertinet
976 849 1044 913 iure

42 959 66 1000 oi
122 988 127 999 .

97 1025 142 1089 35.
176 1023 328 1088 Ceterum
356 1045 451 1107 saepe
479 1022 669 1105 quibusdam
697 1024 743 1086 ita
770 1024 864 1087 datur
886 1025 1044 1089 bonorum
1091 1051 1096 1061 Χ
1223 1029 1230 1065 -’

41 1115 198 1197 possessio,
222 1117 259 1176 ut
283 1114 319 1194 is,
343 1113 395 1176 eui
414 1112 487 1175 deta
506 1111 556 1194 sit,
578 1131 642 1175 non
661 1112 803 1195 optineat
821 1113 1044 1197 hereditatem3

43 1225 112 1285 quae
139 1203 300 1266 bonorum
328 1201 487 1284 possessio
517 1201 633 1264 dieitur
655 1202 724 1264 sine
745 1223 788 1264 re.
834 1201 881 1266 36.
908 1201 993 1267 Nam
1017 1205 1044 1268 si

42 1292 120 1356 uerbi
142 1291 247 1377 gnatia
269 1291 338 1354 iure
361 1289 447 1354 faeto
470 1293 662 1354 testamento
681 1291 772 1354 heres
791 1291 958 1355 institutus
980 1314 1056 1357 ore*

44 1382 113 1444 uerit
138 1380 366 1461 hereditatem,
393 1379 449 1442 sed
476 1379 633 1443 bonorum
666 1380 900 1461 possessionem
934 1402 1044 1445 secun-

44 1470 107 1533 dum
133 1470 261 1533 tabulas
288 1468 473 1532 testamenti
496 1471 604 1551 petere
626 1467 778 1550 noluerit,
802 1471 971 1534 contentus
995 1491 1042 1553 e0,

45 1559 118 1640 quod
144 1560 214 1622 iure
238 1557 327 1622 ciuili
349 1557 441 1620 heres
465 1557 520 1639 sit,
547 1557 778 1620 nihilominus
802 1557 838 1639 ii,
867 1559 922 1641 qui
951 1559 1041 1622 nullo

45 1647 115 1711 fanto
141 1651 338 1712 testamento
367 1646 407 1709 ad
434 1646 577 1710 intestati
604 1645 689 1708 bona
715 1649 885 1728 uocantur,
907 1651 1043 1730 possunt

45 1741 137 1818 petere
156 1737 318 1800 bonorum
337 1735 585 1818 possessionem,
605 1735 659 1797 sed
678 1735 746 1798 eine
760 1756 794 1798 re
808 1735 848 1798 ad
867 1756 920 1799 eos
940 1735 1071 1820 [here.

46 1823 144 1910 ditos]¹
172 1825 327 1909 pertinet,
356 1845 428 1887 oum
456 1827 648 1888 testamento
676 1823 813 1906 scriptus
840 1824 932 1888 heres
955 1825 1042 1888 euin-

47 1935 102 1978 eere
127 1914 339 1978 hereditatem
367 1913 477 1996 possit.
528 1911 574 1976 37.
607 1909 695 1975 Idem
723 1913 801 1975 iuris
825 1917 886 1995 est,
913 1914 940 1976 si
963 1913 1047 1977 inte-¹

47 2007 114 2067 stato
141 2004 251 2086 aliquo
280 2005 408 2065 mortuo
437 2023 513 2064 suus
540 2001 631 2064 heres
658 2002 794 2064 noluerit
819 2005 926 2085 petere
954 2003 1043 2066 bono·

46 2112 102 2155 noa
130 2092 382 2176 possessionem,
414 2094 579 2153 contentus
611 2090 745 2171 lepitimo
772 2091 848 2153 itere.
889 2089 984 2154 aam²
1010 2095 1042 2156 et

48 2186 145 2265 agnato
175 2180 332 2263 competit
359 2178 488 2262 quidem
515 2178 672 2242 bonorum
696 2180 868 2262 possessio,
896 2180 951 2243 sed
974 2181 1042 2244 sine

47 2291 82 2351 re,
110 2271 184 2354 quia
216 2269 323 2333 euinoi
354 2267 512 2332 hereditas
541 2264 578 2330 a³
604 2287 662 2330 suo
694 2267 809 2331 herede
840 2272 954 2351 potest.
1010 2274 1042 2333 et

48 2358 110 2422 iilud
131 2359 356 2424 oonuenienter
378 2353 527 2420 domme
560 2357 587 2419 si
610 2356 650 2420 ad
673 2360 825 2442 agnatum
856 2357 923 2421 iure
954 2357 1041 2423 oiuili

48 2449 166 2527 pertinet
189 2447 350 2511 hereditas
374 2449 406 2510 et
429 2447 455 2508 is
476 2445 587 2509 adierit
607 2445 825 2527 hereditatem,
848 2443 920 2510 sed⁶
943 2447 1040 2512 bono-

49 2557 101 2600 rum
123 2537 359 2621 possessionem
383 2539 491 2617 petere
513 2535 660 2616 noluerit,
683 2539 715 2597 et
734 2535 761 2598 si
780 2535 851 2618 quis
875 2557 913 2599 ex
936 2537 1041 2619 proxi-

50 2627 94 2688 mis
115 2621 279 2712 oognatis⁰
296 2625 433 2707 petierit,
456 2624 524 2688 sine
542 2645 576 2686 re
594 2622 725 2686 habebit
742 2622 900 2688 bonoram
918 2647 1041 2707 posses-

23 2747 24 2752 *
51 2713 150 2779 sionem
180 2718 315 2798 propter
345 2712 477 2776 eandem
510 2713 674 2775 rationem.
730 2710 776 2776 38.
809 2710 892 2776 Sunt
923 2718 955 2777 et
987 2715 1040 2778 alii

24 2789 27 2828 ¹
52 2804 158 2882 quidam
182 2804 303 2868 similes
324 2823 424 2883 casus,
448 2822 584 2884 quoram
604 2801 727 2883 aliquos
748 2802 752 2883 Ι
774 2802 934 2883 superiore
956 2815 1111 2866 eom-135

52 2894 183 2958 mentatio
207 2888 425 2956 tradidimus.⁷

53 3052 119 3062 -..-
197 3056 201 3061 ,

110 3159 132 3225 1)
148 3163 179 3210 at
195 3157 329 3228 plessemo
347 3154 397 3208 del.
417 3144 563 3208 Pelendos.
672 3155 697 3220 2)
716 3167 783 3205 nam
799 3154 888 3222 sappi.
908 3151 1014 3209 Hottwe
1033 3196 1038 3206 .

54 3226 73 3290 3)
87 3241 116 3296 ap
130 3225 161 3280 V.
233 3229 261 3295 4)
280 3223 478 3279 conuenienter
497 3223 605 3277 dioetur
625 3222 766 3278 dorseta.
791 3223 992 3278 conuenienter
1032 3269 1037 3278 .

55 3295 73 3360 5)
87 3297 128 3350 sed
145 3299 168 3352 si
185 3297 218 3352 V.
312 3297 338 3366 6)
358 3297 492 3365 cognatus
512 3293 544 3348 V.
636 3295 661 3364 7)
680 3295 802 3364 sequitur
820 3295 893 3349 liaeo
911 3311 1006 3350 damea.

55 3439 240 3452 *Q*-

109 3550 259 3610 §sao-37.
291 3546 332 3612 Of.
351 3545 410 3613 Uip.
421 3549 463 3610 28,
476 3549 515 3597 13.
537 3549 579 3609 2³,
590 3549 613 3597 6.
634 3549 675 3609 26,
686 3548 710 3597 8.
738 3559 824 3612 supra
838 3549 863 3610 2,
875 3549 1036 3610 1483151a.

112 3621 175 3680 538.
203 3636 263 3686 sup.
284 3617 395 3688 comm]
414 3620 518 3682 2,119;
539 3621 602 3682 148;
623 3619 680 3668 149.

789 3704 823 3756 9*

1210 777 1216 790 ,

1223 778 1227 874 t
