2552 4082
248 246 299 299 AD
318 244 437 300 GAIVM
455 243 632 300 Pasarne.
652 245 935 300 Rusellanum.
1010 245 1101 301 XXIX

81 417 201 474 extante
228 416 306 474 nihil
335 417 439 474 contm
471 415 657 474 voluntatem
688 414 840 474 testatoris
868 433 904 474 ex
934 393 1099 474 hereditati

83 504 200 564 denahi
228 503 349 580 debeat,
377 504 514 580 idemque
542 503 603 562 fere
631 503 713 562 cadit
739 505 771 562 in
798 507 957 581 cognatam
983 507 1100 564 contro·

82 595 212 653 versiam
244 593 280 652 de
309 595 342 651 in
369 594 433 651 iure
461 593 591 651 cessione
618 592 794 652 hereditatis
817 594 935 652 collatis
960 595 988 668 2,
1005 595 1045 652 37
1070 597 1100 652 et

85 685 113 756 3,
128 684 179 740 87.
231 682 347 740 Deinde
379 683 472 741 etiam
503 681 648 758 quasdam
679 683 835 756 materias,
866 683 950 741 velut
976 683 1008 740 in
1035 683 1099 741 iure

84 773 246 832 cessionem
267 771 443 830 hereditatis
466 773 497 829 et
518 770 664 829 bonorum
686 773 914 847 possessionem,
937 789 1014 846 quae
1037 773 1100 830 sine

81 881 113 919 re
136 861 226 919 datm
250 852 350 941 (illam
374 862 406 934 2,
423 860 552 918 35—37
577 861 607 918 et
631 861 664 934 3,
680 852 839 934 85—871,
861 859 937 918 hanc
963 861 1101 935 t,151·

83 952 113 1008 et
136 951 165 1024 3,
182 947 339 1026 35-37),
360 949 406 1007 bis
425 950 592 1008 attentum
610 967 670 1008 non
687 949 793 1008 iisdem
810 949 908 1008 verbis
927 948 990 1008 sine
1009 948 1099 1008 dubio

85 1059 143 1098 non
167 1039 372 1115 explicuisset,
404 1037 455 1097 sed
480 1057 557 1112 rem,
589 1040 624 1096 ut
651 1038 725 1096 alias
753 1039 850 1096 facere
878 1037 966 1112 solet,
998 1040 1099 1097 remit·

84 1128 172 1186 tendo
196 1129 338 1187 lectorem
365 1126 554 1202 expediisset,
583 1128 642 1186 nisi
669 1145 737 1185 cum
764 1129 868 1204 postes
895 1129 995 1203 aptius
1023 1126 1100 1186 hanc

85 1219 241 1276 materiam
267 1219 300 1274 in
328 1235 432 1275 comm.
455 1215 502 1274 111
530 1215 610 1274 tradi
636 1217 845 1290 intellexisset,
872 1215 933 1274 iam
960 1215 1097 1275 manibus

86 1307 203 1381 elapsus
236 1308 314 1364 esset
345 1324 449 1364 comm.
473 1304 517 1378 H,
554 1307 589 1362 ut
620 1307 767 1382 corrigere
799 1324 868 1363 eum
899 1323 959 1363 non
991 1308 1098 1381 posset.

86 1395 221 1469 Denique
245 1396 274 1468 3,
290 1395 330 1452 56
353 1413 417 1454 rem
439 1395 522 1469 1,22
547 1395 713 1470 expositam
734 1395 799 1452 tam
822 1394 896 1468 late,
923 1395 984 1454 imo
1007 1395 1098 1453 latius

85 1486 202 1560 repetit,
226 1501 316 1558 quam
339 1503 399 1542 non
421 1485 542 1559 poterat
564 1484 610 1540 ita
632 1482 770 1558 scribens,
793 1485 829 1540 ut
850 1483 980 1542 lectore
1002 1485 1099 1558 primo

85 1574 298 1632 commentario
317 1589 427 1646 recens,
445 1571 494 1630 vel
513 1573 567 1646 qui
584 1571 710 1630 eundem
728 1573 807 1631 certe
821 1571 958 1630 manibus
976 1573 1100 1646 teneret,

86 1664 154 1720 ante
177 1663 280 1721 oculos
304 1663 331 1720 ei
353 1663 529 1720 versaretur.

149 1751 209 1809 Tot
241 1769 311 1810 vero
342 1750 497 1825 tantisque
528 1749 598 1807 libri
629 1749 793 1808 virtutibus
826 1750 917 1807 etiam
949 1767 1098 1808 successus

84 1840 245 1917 respondit
291 1839 348 1897 Per
370 1839 448 1898 hunc
472 1837 563 1897 Gaius
582 1841 669 1914 quasi
686 1841 864 1914 perpetuum
884 1837 1099 1914 initiandorum

84 1928 243 1987 Themidos
272 1928 458 1987 sacerdotum
485 1946 592 1986 munus
621 1927 746 2002 adeptus
775 1928 820 1985 est
843 1928 885 2000 et,
917 1926 987 1984 dum
1014 1907 1100 1985 stetit

84 2019 244 2105 imperium
267 2017 443 2092 Romanum,
466 2036 497 2075 re
499 2017 599 2074 tinuit.
636 2016 725 2074 Multi
700 2016 871 2074 tmaximi
888 2016 1015 2075 nominis
1034 2014 1099 2074 Ioci

84 2126 270 2182 quorumque
295 2105 472 2181 quibusdam
496 2105 602 2181 Gaius,
629 2107 655 2164 si
677 2107 775 2180 ipsam
798 2105 953 2163 scientiam
977 2107 1099 2180 spectes,

83 2198 131 2253 vix
155 2197 325 2270 comparari
347 2198 459 2271 potest,
483 2213 550 2254 eum
574 2196 674 2270 aperte
697 2195 810 2252 imitati
832 2193 881 2252 vel
903 2196 980 2252 tecte
1003 2193 1040 2252 ab
1064 2213 1098 2252 eo

84 2286 216 2342 mutuati
235 2287 312 2343 sunt,
359 2282 553 2343 Grammatici
572 2302 688 2358 quoque
708 2303 743 2341 ex
761 2283 816 2342 hoc
835 2284 994 2359 praecipue
1012 2282 1099 2357 libro,

85 2392 159 2448 quae
188 2373 228 2431 ad
254 2375 301 2432 ius
329 2374 416 2432 civile
444 2375 639 2450 pertinerent,
671 2373 828 2448 petierunt.
881 2372 996 2430 Ruente
1028 2391 1098 2430 vero

84 2463 209 2538 imperio
233 2463 297 2520 tam
320 2461 515 2521 occidentales
537 2461 689 2538 Visigothi
710 2462 743 2518 in
760 2460 908 2520 breviario
927 2461 1098 2519 Alariciano

84 2551 200 2625 Gaium,
230 2555 265 2609 ut
287 2551 363 2610 ferre
386 2571 454 2609 eum
481 2553 635 2627 poterant,
661 2569 763 2609 rursus
791 2549 899 2609 scholis
929 2550 990 2609 suis
1013 2569 1098 2626 prae·

84 2639 231 2714 fecerunt,
260 2659 350 2714 quam
372 2642 540 2699 moriente
567 2639 766 2713 Iustinianus,
794 2639 864 2697 dum
891 2657 983 2697 novas
1011 2642 1099 2714 parat

85 2728 306 2804 Institutioues,
333 2730 461 2787 maxime
485 2728 614 2787 Gaianas
638 2748 704 2787 cum
726 2729 813 2788 rebus
838 2727 1033 2803 quotidianiS,
1064 2747 1099 2785 ex

87 2818 191 2892 qnibus
216 2819 331 2893 etipse
354 2820 401 2877 ius
425 2817 577 2892 didicerat,
601 2835 668 2877 suas
691 2817 776 2892 fecit,
798 2817 877 2876 unde
901 2836 968 2874 eum
991 2815 1099 2874 Gaium

155 2990 181 3057 1)
201 2987 275 3041 Sane
293 3003 382 3056 nuper
400 2986 582 3041 Polenaarius
601 2987 643 3040 ed.
665 3002 732 3040 suae
750 3003 777 3055 p.
793 2986 910 3039 atthas
930 2991 963 3052 ἐξ
982 2986 1015 3038 ut
1033 3003 1099 3054 spu-

85 3059 139 3112 rias
167 3059 261 3124 eiecit,
286 3059 407 3111 maxime
436 3065 464 3126 2,
480 3063 514 3112 98
543 3060 708 3128 argumento
731 3075 806 3112 usus.
849 3057 904 3110 Sed
926 3059 959 3110 ut
982 3056 1098 3109 cessioia

86 3130 174 3184 tutela
197 3148 255 3183 non
278 3131 390 3183 tantum
414 3129 466 3182 sub
486 3129 609 3198 speeiem
630 3129 776 3198 legitimae
804 3128 911 3181 tutelae
931 3127 1019 3195 cadit,
1049 3126 1098 3180 sed

87 3202 170 3255 etiam
187 3204 222 3255 ut
240 3201 355 3270 propria
373 3200 480 3254 tutelae
499 3201 619 3269 species,
643 3217 716 3268 quae
735 3200 859 3253 cessione
878 3198 1014 3265 defertur,
1034 3215 1099 3252 con-

88 3273 203 3326 siderari
222 3274 354 3342 potest,1
345 3272 386 3325 ita
405 3272 491 3325 etiam
510 3273 545 3325 de
563 3271 593 3324 in
610 3272 671 3324 iure
686 3272 810 3325 cessione
823 3270 990 3324 hereditatis
1009 3270 1099 3323 direr-

87 3345 190 3398 simode
209 3345 306 3413 potest
323 3343 451 3396 iudicari.
488 3342 561 3396 Ille
553 3359 615 3412 1pse
628 3359 692 3396 vero
708 3342 823 3396 secundi
836 3342 902 3394 libri
916 3341 994 3395 locus
1012 3341 1099 3395 etiam

87 3415 243 3470 evidentius
272 3415 366 3484 arguit
393 3415 436 3480 id,
464 3414 540 3482 quod
564 3415 599 3468 de
621 3415 731 3467 ratione
754 3415 828 3468 inter
851 3429 914 3466 cum
936 3415 966 3466 et
984 3413 1099 3466 tertium

86 3485 186 3540 librum
204 3487 397 3540 intercedente
416 3501 500 3554 supra
520 3486 677 3538 statuimus.
720 3484 886 3553 Quanquam
905 3484 991 3538 Gaius
1014 3483 1097 3537 nimis

86 3558 216 3612 molestos
234 3559 344 3626 post,
319 3563 335 3610 2
359 3562 393 3611 98
412 3557 514 3610 mutati
532 3557 642 3610 consilii
656 3557 858 3610 obtrectatores
873 3571 905 3609 eo
920 3556 1006 3610 etiam
1024 3555 1098 3609 refu

86 3631 142 3684 tare
160 3630 285 3699 poterat,
305 3601 381 3696 qdod
400 3629 524 3683 cessione
543 3645 653 3696 quoque
674 3628 801 3682 heredes
820 3627 905 3681 alicui
923 3626 1044 3680 fiamus’.
