2552 4082
362 252 424 308 sni
442 251 568 306 msnin.
588 253 613 305 n
633 258 757 307 14⁸-1o
1025 254 1068 320 55

66 416 250 498 consistunt,
287 412 574 502 sicuthereditas‚
606 417 821 499 ususfructus,
855 417 1067 502 obligationes

66 527 187 588 quoquo
216 505 312 568 modo
341 497 530 569 contractae.
577 527 636 569 nec
660 505 790 570 adrem
814 508 959 589 pertinet,
987 507 1069 588 quod

64 597 93 658 ia
112 595 281 658 hereditate
301 614 351 658 res
373 595 543 676 corporales
566 593 791 678 continentur1‚
810 599 842 658 et
860 595 993 678 fructus,
1012 597 1068 678 qui

64 706 96 748 ex
111 683 213 747 fundo
233 685 461 767 percipiuntur,
486 685 666 766 corporales
689 691 773 762 suat,
797 688 829 748 et
851 685 895 766 id,
919 685 1005 766 quod
1028 707 1068 748 ex

64 773 161 855 aliqua
186 773 381 858 obligatione
399 773 492 836 nobis
512 772 649 850 debetur,
671 773 674 856 l
695 773 884 856 plerumque
903 773 1068 856 corporale
1085 747 1139 870 ,578

62 868 104 940 cst,
124 861 225 926 ueluti
247 861 375 944 fundus,
393 861 501 944 home,
523 863 672 945 pecunia:
695 885 770 924 nam
794 863 901 945 ipsum
924 863 973 924 ius
998 885 1066 926 suc·
1100 857 1105 868 ’
1141 857 1149 868 ’

65 951 209 1014 cessionis
243 953 274 1014 et
306 951 412 1034 ipsum
445 952 495 1014 ius
526 951 632 1014 utendi
663 951 790 1014 fruendi
822 955 853 1014 et
882 951 989 1034 ipsum
1017 953 1066 1015 ius

64 1040 263 1125 obligationis
287 1040 487 1123 incorporale
511 1044 566 1103 est.
607 1040 718 1104 eodem
743 1061 875 1104 numero
901 1044 975 1103 sunt
998 1041 1068 1104 iura

63 1129 258 1211 praediorum
294 1130 490 1193 urbanorum
525 1133 557 1192 et
588 1130 789 1192 rusticorum.
830 1125 951 1214 1—-
976 1151 1015 1188 oc.
1030 1139 1068 1206 2}

64 1214 197 1300 —--l²
219 1239 285 1281 non
309 1217 491 1300 extollendi,
509 1240 549 1281 ne
572 1219 747 1282 luminibus
771 1219 870 1282 uicini
894 1218 1067 1282 officiatur:

63 1307 130 1370 item
157 1307 330 1370 fluminum
359 1311 391 1370 et
419 1307 655 1371 stillicidiorum
683 1305 786 1370 idem⁸
809 1307 859 1370 ius
882 1311 918 1370 ut
946 1304 1068 1394 l-—-

64 1405 78 1454 5
90 1419 126 1454 co.
140 1393 265 1480 —l

119 1485 177 1549 14⁸.
207 1484 272 1548 Res
293 1490 536 1566 praetermeat
558 1487 698 1566 moacpc'
720 1490 793 1549 scat
815 1490 870 1548 ccl
896 1506 955 1548 nec
979 1507 1066 1548 man-

63 1571 140 1655 cipi.4
160 1571 284 1659 1-
298 1596 337 1633 ov.
354 1583 371 1634 5
387 1572 509 1659 ——l
529 1575 689 1638 sanitates
708 1573 912 1657 praediorum
931 1574 1066 1637 urbano-

60 1685 124 1724 rum
151 1685 212 1727 nec
240 1663 381 1746 mancipi
407 1669 488 1727 errat.
534 1664 612 1726 item
640 1663 847 1746 stipendiaria
873 1661 1003 1745 praedia
1035 1667 1067 1726 et

61 1752 222 1816 tributaria
245 1774 304 1816 nec
328 1753 468 1835 mancipi
491 1757 572 1815 sunt.
610 1751 652 1816 15.
673 1749 736 1815 Sed
759 1751 846 1834 quod
869 1752 1007 1815 diximus
1030 1772 1067 1815 eu

62 1841 214 1905 animalia
235 1862 315 1923 quoe
337 1841 461 1905 domari
483 1837 595 1905 soleat⁵
619 1841 760 1924 mancipi
783 1862 860 1922 esse,
883 1863 905 1903 n
916 1879 957 1886 —
969 1879 1011 1886 —
1023 1879 1064 1886 —

62 1925 176 2010 l——
192 1953 216 1990 c.
232 1939 267 2006 1}
285 1969 391 1976 --
403 1927 427 2017 {⁶
451 1931 558 1994 statim
583 1934 619 1993 ut
642 1933 717 1994 nata
736 1933 819 2012 sunt,
839 1930 980 2013 mancipi
998 1951 1066 1994 esse
1084 1902 1146 2022 ἓξ,

124 2071 150 2138 1)
165 2086 240 2136 nam,
251 2071 322 2138 qood
331 2070 440 2124 adduct
445 2071 513 2123 Iast.
522 2069 627 2140 cwig,
637 2070 733 2123 melias
742 2069 823 2122 abest.
875 2071 901 2137 2)
912 2069 949 2122 ool
959 2083 1067 2122 cerasum

56 2147 198 2205 praecaute
212 2140 291 2194 Kroe
310 2157 353 2194 ero
371 2141 493 2209 suppleri
502 2147 604 2209 potest:
622 2139 803 2194 Praediorum
820 2139 991 2193 urbanorum
1003 2139 1066 2192 iura

57 2157 1065 2265 suntuelutinsaitiustollendoaedessuasolficiendiluminibns

57 2282 163 2336 uicini
178 2283 358 2336 aediumaut.
410 2286 436 2354 3)
446 2283 570 2352 Krueper
575 2283 844 2351 partimEpitomom
852 2289 959 2338 secatus
969 2284 1067 2351 optime

58 2353 94 2406 ito
115 2355 265 2422 supplevit:
288 2353 332 2407 ius
351 2354 382 2407 id
404 2356 447 2408 est
470 2355 533 2422 (pro
552 2353 628 2407 idem
646 2355 700 2424 ius)
719 2355 752 2406 nt
769 2354 879 2407 uicinus
898 2352 1001 2406 flumen
1019 2353 1066 2406 uel

56 2423 231 2478 stillicidium
249 2425 279 2478 in
299 2441 393 2478 aream
408 2424 456 2478 uel
474 2425 505 2478 in
524 2425 607 2478 aedes
627 2441 691 2478 suas
710 2425 842 2494 recipiat;
865 2426 934 2478 item
954 2424 1065 2478 cloacae

57 2494 249 2550 immittendae
268 2498 297 2550 et
315 2496 453 2550 luminum
471 2496 719 2550 immittendorum.
747 2496 930 2550 Praediorum
948 2496 1066 2550 rustico-

57 2582 112 2620 rum
135 2568 199 2621 iura
223 2569 288 2621 sunt
306 2567 385 2621 uelut
407 2569 469 2634 uia,
488 2569 554 2634 iter,
574 2571 665 2634 actus,
691 2569 760 2621 item
778 2568 887 2636 pecoris
906 2567 943 2619 ad
962 2583 1066 2635 aquam

57 2638 197 2706 adpulsus,
216 2638 285 2692 item
303 2640 357 2692 ius
377 2655 484 2707 aquae
504 2639 686 2692 ducendae.
724 2639 794 2692 haec
812 2638 874 2691 iura
899 2641 958 2691 tam
981 2639 1064 2692 rusti-

57 2724 147 2762 corum
171 2726 257 2778 quam
279 2710 450 2764 urbanorum
472 2710 651 2778 praediorum
675 2711 824 2763 seruitutes
847 2713 985 2762 uocantur
1011 2710 1064 2778 (Of.

57 2779 117 2850 Dip.
140 2787 165 2847 1,
182 2787 245 2848 8,1,
263 2787 276 2834 1
296 2783 328 2864 {a
344 2783 399 2864 fiae
418 2789 442 2836 et
460 2783 528 2835 Iaet.
550 2787 574 2848 2,
590 2787 614 2847 2,
630 2783 664 2850 3).
705 2851 710 2864 ,
771 2783 798 2849 4)
813 2782 916 2864 'oblitae
940 2781 1066 2863 Kraeper

55 2853 352 2978 tietmare
371 2851 544 2990 satra
561 2851 682 2976 stite
701 2870 734 2976 b
749 2850 1065 2990 traluceat

55 2993 170 3048 dorsone
191 2995 299 3048 domari
313 2995 411 3062 solent,
429 2995 509 3048 uelut
526 2994 621 3061 boues,
637 2993 710 3062 equi,
729 2993 807 3060 muli,
827 2993 907 3060 asini,
922 2993 990 3046 item
1009 3008 1064 3046 ser-

54 3065 156 3119 uitutes
181 3065 360 3134 praediorum
382 3066 557 3120 rusticorum.
595 3082 668 3119 nam.
777 3068 803 3134 ὃ)
822 3065 911 3133 suppl.
932 3065 1063 3134 Kraeper.

55 3137 77 3204 6)
98 3137 194 3190 nostm
215 3137 330 3204 quidem
353 3139 548 3206 praeceptores
571 3137 642 3190 haec
661 3135 795 3190 animalia
815 3137 872 3190 Ha.
892 3137 948 3202 fere
965 3137 1065 3204 suppl„

120 3285 135 3345 ς
152 3284 198 3332 14.
217 3279 403 3348 obligationes
419 3279 628 3348 quoquomodo
643 3278 815 3348 contractae]
843 3278 877 3344 cf.
893 3279 971 3346 iufra
986 3285 1010 3343 2,
1022 3283 1063 3332 38.

53 3348 108 3404 iura
126 3349 310 3420 praediorum
328 3351 506 3422 msticorum]
526 3351 560 3417 of.
580 3351 660 3416 iufra
679 3354 703 3416 2,
719 3355 760 3402 ll.

118 3427 210 3486 314⁸.
243 3421 284 3487 Of.
314 3422 373 3490 Ulp.
399 3425 721 3490 19‚1.sapra1‚120.
755 3421 805 3474 Fr.
825 3420 886 3474 Vat.
907 3425 957 3473 259
982 3421 1062 3489 (Pap.

56 3495 117 3562 693).
160 3493 191 3547 0.
212 3497 376 3560 7.31‚1‚5
405 3495 441 3562 (a.
462 3495 531 3562 531).
569 3493 663 3547 Boetb.
684 3493 700 3545 l.
722 3497 737 3544 3
761 3493 799 3546 od
823 3491 876 3546 Oic.
904 3497 958 3560 top.
979 3496 1009 3554 b,
1030 3495 1063 3544 28

53 3565 88 3631 (p.
104 3570 157 3631 321
175 3563 274 3632 Bait).
429 3607 431 3612 .

118 3642 133 3701 ξ
151 3640 198 3688 15.
228 3634 268 3700 Of.
287 3635 354 3689 leid.
374 3635 440 3705 erip.
462 3641 486 3702 9,
501 3639 525 3701 4,
541 3640 575 3688 45
595 3633 715 3704 (Bracae6
733 3633 758 3685 II
778 3635 830 3702 86).
