2516 4074
362 239 424 296 GAI
441 239 569 296 INSTIT.
588 241 627 296 111
644 248 757 296 49-52.
1000 241 1063 306 135

140 403 187 470 49.
211 405 368 470 Patronae
392 407 469 470 olim
493 409 566 470 ante
589 407 694 492 legem
717 405 850 488 Papiam
873 407 936 470 hoo
958 407 1062 470 solum

63 494 104 557 ius
125 494 285 559 habebant
307 496 341 558 in
359 495 451 559 honis
474 495 672 578 hbertorum,
696 495 896 578 quodetiam
919 496 1062 578 patronis

61 584 180 668 exlege
202 601 253 647 ΧΠ
276 584 457 648 tabularum
482 584 666 648 detumeat.
712 605 772 648 neo
794 585 879 648 enim
897 586 934 647 ut
953 587 1064 648 eontra

62 672 175 736 tabulas
198 673 382 738 testamenti
404 673 523 758 ingrati
545 673 652 737 liberti
675 674 728 737 uel
751 672 790 736 ab
813 673 965 736 intestato
989 693 1062 736 oon·

62 765 104 824 tra
128 761 231 826 filium
260 762 449 845 adoptiuum
477 763 530 826 uel
556 783 689 826 uxorem
717 783 875 826 nurnmue
904 762 1063 825 bonorum

61 851 285 932 possessiouem
307 852 407 935 partis
427 851 576 914 dimidiae
594 855 748 934 peterent,
770 854 898 934 praetor
917 851 1082 914 similiter·

62 943 92 1002 ut
116 939 152 1003 de
179 943 315 1024 patrono
347 940 520 1023 liberisque
547 940 615 1004 eiua
644 939 782 1004 curabat.
837 939 884 1004 50.
917 937 980 1002 Sed
1011 940 1063 1002 lex

62 1026 150 1111 Papia
181 1028 306 1092 duobus
337 1029 445 1093 liberis
477 1029 649 1092 honoratae
681 1030 837 1113 ingenuae
865 1027 1061 1112 patronae}

62 1117 217 1181 libertinae
239 1118 342 1181 tribue
366 1118 476 1182 eadem
499 1117 565 1182 fere
588 1118 657 1181 iura
679 1117 773 1200 dedit,
797 1139 878 1200 quae
901 1139 941 1180 ex
959 1117 1062 1180 edicto
1083 1131 1133 1182 133

61 1207 206 1288 praetoris
238 1207 366 1289 patroni
392 1205 525 1290 habent,
557 1207 655 1270 trium
687 1227 763 1270 uero
791 1205 964 1270 liberorum
995 1207 1063 1270 inre

61 1293 224 1359 honoratae
255 1296 410 1381 ingenuae
437 1299 591 1379 patronae
614 1317 652 1358 ea
674 1296 743 1359 iura
767 1295 866 1377 dedit,
899 1317 979 1378 quae
1007 1317 1064 1378 per

62 1383 183 1448 eandem
214 1385 320 1470 legem
351 1389 488 1468 patrono
522 1384 596 1448 data
632 1387 720 1468 eunt3
756 1384 923 1448 libertinae
956 1388 1062 1448 autem

62 1475 204 1553 patronae
230 1495 297 1536 non
324 1474 408 1537 idem
436 1474 513 1537 iuris
541 1474 709 1556 praestitit.
764 1473 807 1538 51.
840 1471 933 1548 Quod
956 1477 1062 1536 autem

61 1561 95 1624 ad
124 1562 343 1626 libertinarum
375 1562 460 1626 bona
486 1564 638 1646 pertinet,
674 1563 702 1626 si
735 1561 862 1644 quidem
895 1562 1063 1626 intestatae

62 1649 256 1734 decesserint,
282 1652 365 1716 nihil
391 1652 470 1715 noui
497 1655 650 1734 patronae
677 1651 785 1715 liberis
813 1651 992 1715 honoratae·
1010 1652 1062 1714 lex

61 1736 150 1822 Papia
181 1745 336 1824 praestat3
367 1741 476 1824 itaque
508 1741 536 1804 si
564 1761 668 1823 neque
700 1741 771 1824 ipsa
797 1743 933 1822 patrona
959 1761 1063 1822 neque

61 1827 166 1892 liberta
188 1829 293 1912 eapite
316 1829 480 1894 deminuta
503 1830 558 1912 sit,
585 1829 718 1914 exlege
741 1845 791 1891 xm
813 1829 994 1892 tabularum
1024 1829 1063 1892 ad

61 1937 122 1980 earn
144 1918 303 1982 hereditas
326 1919 477 2002 pertinet,
508 1923 540 1982 et
563 1917 775 1982 exeluduntur
797 1917 930 1981 libertae
957 1917 1063 2001 liberi;

62 2006 137 2087 quod
151 2007 229 2070 iuris
244 2011 301 2090 est,
316 2008 412 2072 etiam
427 2008 454 2071 si
468 2007 576 2071 liberis
595 2008 752 2071 honorata
770 2025 836 2070 non
855 2007 896 2070 sit
914 2010 1062 2090 patrona3

60 2115 225 2179 numquam
255 2097 353 2178 enim,
386 2097 469 2160 sieut
496 2117 593 2179 supra
621 2096 772 2178 diximus,
803 2095 940 2158 feminae
969 2117 1062 2159 suum

61 2181 198 2248 heredem
226 2185 348 2254 habere,
370 2189 514 2268 possunt.
547 2185 575 2248 si
602 2207 679 2249 uero
707 2186 759 2248 uel
782 2185 877 2248 huius
900 2185 953 2248 uel
975 2185 1062 2258 illius

61 2273 164 2355 eapitis
188 2273 363 2338 deminutio
387 2275 588 2355 interueniat,
610 2295 720 2338 rursus
742 2273 835 2337 liberi
856 2273 990 2337 libertae
1011 2295 1062 2338 ex-

60 2361 183 2426 eludunt
210 2367 393 2446 patronam,
423 2364 498 2447 quia
524 2364 670 2449 legitimo
693 2364 761 2426 iure
785 2363 898 2446 eapitis
921 2363 1063 2428 deminu-

60 2450 138 2514 tione
159 2456 330 2534 perempto
361 2453 480 2534 euenit,
510 2449 548 2515 ht
575 2453 669 2516 liberi
699 2453 832 2516 libertae
863 2453 1062 2537 cognationis

61 2537 120 2602 iure
141 2540 282 2623 potiores
306 2540 510 2605 habeantur.¹
555 2539 602 2606 52.
636 2538 717 2604 Cum
741 2544 847 2605 autem
870 2544 1061 2605 testamento

60 2626 137 2692 laeto
161 2630 297 2693 moritur
319 2629 443 2712 liberta,
466 2652 503 2694 ea
525 2630 654 2712 quidem
678 2633 826 2712 patrona,
851 2651 931 2712 quae
954 2630 1062 2694 liberie

60 2714 205 2782 honorata
236 2740 302 2782 non
339 2723 399 2802 est,
435 2719 517 2782 nihil
548 2719 626 2782 iuris
658 2719 756 2782 habet
788 2721 899 2782 eontra
930 2719 1062 2782 libertae

60 2807 293 2891 testamentum,
320 2803 368 2871 ei2
394 2829 485 2891 uero,
509 2829 589 2890 quae
612 2803 720 2871 liberis
743 2806 901 2871 honorata
923 2808 977 2890 ait,
1000 2809 1063 2871 hoa

60 2894 103 2958 ius
125 2897 276 2960 tribuitur
297 2919 355 2980 per
376 2897 481 2982 legem
504 2896 647 2980 Papiam,
670 2896 756 2979 quod
778 2895 875 2960 habet
898 2917 937 2958 ex
958 2895 1061 2960 ediato

60 2987 205 3064 patronus
229 2989 340 3050 eontra
362 2986 489 3050 tabulas
512 2986 627 3050 liberti.

124 3197 149 3264 1)
167 3193 291 3249 habeant
309 3195 342 3248 V.
452 3199 478 3264 2)
498 3211 532 3250 ea
550 3193 583 3249 V.

60 3321 264 3332 Ἢ

122 3414 155 3474 §a
169 3415 210 3463 43.
231 3413 273 3463 ao.
303 3409 344 3475 of.
365 3409 424 3477 [πρ.
441 3415 483 3476 aa,
495 3413 526 3475 53
541 3413 564 3461 a.
585 3414 627 3476 aa,
640 3415 662 3463 1.
691 3407 728 3462 D.
745 3413 786 3474 aa,
799 3411 824 3475 3,
836 3413 867 3460 rr
884 3407 961 3476 (Ulp.
974 3410 1060 3476 noe).

123 3485 194 3546 551.
224 3480 267 3546 Of.
293 3481 353 3550 Ulp.
374 3485 455 3548 27,5.
484 3481 508 3532 I.
524 3485 549 3547 3,
564 3485 588 3548 4,
604 3487 627 3533 2.
656 3495 742 3548 snpra
763 3482 860 3546 1‚158.
891 3477 1062 3548 sieutsupra

59 3548 120 3621 nn]
138 3567 225 3619 capra
243 3557 267 3617 3,
282 3556 324 3604 aa.
364 3551 405 3617 of.
421 3557 446 3615 3,
463 3556 520 3605 161.
542 3558 566 3619 1,
583 3557 640 3604 104.
678 3551 714 3604 1).
731 3554 773 3617 ae,
790 3554 830 3616 re,
847 3554 880 3602 re
899 3549 974 3618 (Gai.
990 3551 1060 3618 460).

123 3627 193 3687 552.
224 3623 266 3700 Of.
281 3639 366 3691 supro
386 3628 409 3688 3,
424 3627 466 3676 47.
509 3622 570 3691 Utp.
590 3627 671 3687 237.
