2574 4070
375 199 439 253 GAI
456 199 586 253 INSTIT.
603 200 643 254 IV
662 205 810 254 122-124.
1032 197 1099 265 233

88 361 197 425 uolent
222 383 282 426 nee
309 363 423 426 euitnri
449 368 600 448 possunt,
630 365 721 428 uelut
748 364 834 446 quod
866 368 971 427 metus
1004 386 1099 429 conss

87 454 143 513 aut
166 451 239 514 dolo
263 454 358 534 malo,
379 457 436 516 cut
459 453 547 535 quod
570 458 682 516 contra
704 454 809 538 legem
832 457 1002 516 senatusue
1025 475 1099 518 con·

86 539 224 603 sultuml
245 541 366 605 fectum
390 546 453 623 est,
480 547 536 606 aut
563 543 651 625 quod
677 563 728 606 res
756 542 895 606 iudicato
918 547 966 606 est
989 543 1043 606 uel
1064 544 1099 606 in

85 628 238 692 iudicium
267 629 401 694 deducte
429 635 491 713 est,
518 633 595 694 item
618 631 706 715 pacti
729 632 893 714 conuenti,
921 632 1007 714 quod
1034 631 1098 696 fac-

84 715 173 780 tum²
191 722 248 800 est,
265 741 306 782 ne
324 720 455 783 omnino
474 721 611 803 pecunie
628 724 797 804 peteretur.
834 719 899 784 122.
923 719 1099 784 Diletorise

85 810 160 870 sunt
183 809 395 891 exceptiones,
418 831 500 891 quae
518 809 559 872 ad
576 813 705 893 tempus
728 811 846 890 ualent,
870 807 989 873 ueluti⁸
1012 811 1098 873 illius

85 896 173 978 pacti
196 898 355 979 conuenti,
378 898 465 980 quod
486 899 609 962 factum
633 903 681 962 est
703 899 794 962 uerbi
817 900 930 983 gratie,
951 921 992 962 ne
1014 900 1099 962 intra

85 985 338 1067 quinquennium
356 991 531 1070 peteretur;
553 988 646 1050 finito
666 989 751 1051 enim
771 1009 808 1051 eo
827 992 972 1071 tempore
985 986 1013 1072 {4
1031 1009 1097 1052 non
1116 999 1170 1048 220

82 1073 181 1136 habet
209 1075 317 1139 locum
344 1077 498 1159 exceptio.
552 1077 604 1140 oui
631 1077 745 1140 similis
773 1077 920 1160 exceptio
953 1081 1001 1140 est
1031 1077 1098 1140 litis

84 1161 234 1227 diuidnee
271 1168 302 1227 et
338 1165 384 1228 rei
419 1165 572 1229 residuae.
613 1187 688 1229 nom
726 1166 753 1228 si
785 1166 856 1248 quis
892 1170 1016 1249 partem
1053 1167 1099 1230 rei

81 1251 212 1333 petierit
240 1257 272 1315 et
298 1253 383 1316 intra
410 1255 552 1318 eiusdem
581 1259 762 1336 praeturam
790 1255 946 1337 reliquom
974 1259 1098 1338 purtem

81 1343 187 1422 petat,
217 1340 279 1406 hac
311 1344 497 1425 exceptione
526 1339 778 1425 summouetur⁶,
810 1365 891 1424 quae
919 1345 1099 1426 appellatur

80 1429 149 1492 litis
173 1430 335 1515 diuiduae3
361 1431 438 1495 item
463 1433 490 1494 si
513 1433 554 1514 is,
584 1433 639 1514 qui
663 1453 736 1495 cum
760 1431 871 1495 eodem
895 1433 1002 1514 plures
1024 1433 1098 1496 lites

79 1518 230 1601 habebut,
253 1519 292 1583 de
315 1521 505 1602 quibusdam
530 1522 639 1606 egerit,
658 1521 697 1584 de
716 1521 907 1603 quibusdem
931 1521 1099 1604 distulerit,

82 1611 121 1670 ut
144 1607 185 1670 ed
208 1608 288 1672 alios
310 1609 431 1674 iudices
454 1607 561 1692 eant⁶,
589 1611 616 1672 si
638 1611 723 1673 intra
751 1608 892 1673 eiusdem
916 1614 1098 1692 praeturum

80 1695 120 1758 de
147 1695 212 1780 his,
241 1695 338 1780 ques⁷
361 1698 534 1781 distulerit,
561 1703 650 1784 egat,
677 1721 735 1782 per
761 1698 845 1762 hanc
868 1699 1098 1782 exceptionem,

81 1805 164 1866 quae
191 1787 373 1870 appellatur
394 1789 441 1851 rei
463 1788 622 1870 residuae,
650 1784 899 1852 summouetur.8
943 1787 1006 1851 123.
1036 1786 1099 1851 Ob-

80 1874 273 1938 seruandum
307 1880 356 1939 est
386 1881 494 1940 eutem
527 1878 570 1959 ei,
608 1878 660 1941 cui
692 1877 839 1940 dilatoria
872 1876 1010 1940 obicitur
1046 1899 1098 1940 ex-

81 1964 203 2046 ceptio,
234 1967 270 2028 ut
300 1965 425 2029 differet
453 1967 625 2049 actionem,
659 1966 802 2048 alioquin
830 1965 857 2028 si
890 1965 1014 2029 obiecta
1046 1987 1098 2029 ex-

80 2052 229 2135 ceptione
248 2054 358 2138 egerit,
375 2077 443 2118 rem
462 2055 581 2139 perdit,
599 2077 666 2119 non
680 2055 765 2118 enim
779 2058 853 2137 post
867 2054 948 2117 illud
960 2057 1099 2138 tempus,

82 2161 148 2222 quo
172 2142 297 2227 integra
319 2165 354 2206 re
376 2141 464 2207 eom⁹
487 2145 608 2207 euitare
626 2147 761 2226 poterat,
784 2143 889 2208 adhuc
907 2144 936 2206 ei
954 2147 1098 2226 potestas

79 2230 198 2314 egendi
227 2235 371 2314 superest
397 2254 432 2296 re
459 2233 494 2296 in
520 2234 675 2298 iudicium
704 2230 871 2296 deducte¹⁰
898 2236 930 2295 et
956 2253 1014 2315 per
1046 2255 1098 2296 ex-

80 2319 264 2401 ceptionem
302 2319 508 2405 perempta.¹¹
561 2322 627 2386 124.
659 2321 736 2386 Non
772 2323 877 2385 solum
914 2325 1021 2385 eutem
1058 2343 1097 2385 ex

157 2531 182 2598 1)
203 2531 330 2584 consulto
348 2531 382 2585 V.
456 2533 482 2602 2)
501 2533 617 2600 pactum
634 2531 668 2585 V.
742 2533 768 2600 3)
787 2530 850 2584 uuis
864 2531 897 2585 V.
970 2533 997 2601 4)
1011 2547 1098 2600 supra

80 2615 189 2654 uersum
209 2605 222 2652 1
243 2602 328 2656 teies
336 2604 460 2672 popinae
474 2604 648 2672 perpoltidoe
665 2603 777 2657 umbrae
792 2609 927 2671 apparent
945 2603 1097 2657 litterarum

78 2671 268 2739 quorundam,
286 2691 355 2741 quoe
374 2691 393 2727 a
413 2674 485 2728 Gaio
504 2675 611 2728 alienae
629 2680 701 2727 sunt.
791 2677 817 2742 o)
837 2674 1045 2726 summoneatur
1063 2673 1096 2727 V.

80 2743 107 2810 6)
123 2744 193 2794 eant
206 2743 331 2798 Bluhme.
360 2747 463 2814 egent?
477 2745 511 2798 V.
584 2747 609 2814 7)
629 2760 699 2812 ques
713 2743 772 2796 He.
801 2759 858 2811 que
871 2744 904 2798 V.
983 2746 1009 2812 8)
1024 2761 1097 2796 sum-

78 2814 178 2866 mouet
195 2813 239 2939 VV
329 2817 356 2886 9)
375 2817 438 2870 add.
458 2817 517 2870 He.
619 2817 662 2885 10)
682 2815 821 2868 deductae
839 2815 872 2869 V.
973 2817 1016 2882 11)
1035 2830 1097 2883 per-

80 2886 195 2952 emptae
241 2926 246 2938 .

152 3086 243 3145 §122
273 3082 557 3152 Of.1.4‚13‚1o(9).
595 3083 633 3135 D.
653 3084 768 3147 44,1,3
788 3080 933 3149 (Gom).
975 3078 1035 3132 litis
1055 3079 1097 3132 di-

78 3151 198 3222 uiduee]
218 3153 253 3218 cf.
272 3169 359 3222 supro
377 3158 459 3220 4,56.
497 3153 576 3218 iufra
594 3157 694 3218 4,131.
732 3153 770 3206 D.
787 3155 811 3216 3,
827 3158 852 3217 3,
867 3151 991 3221 eswlp.
1009 3151 1096 3220 1129).

80 3222 123 3276 rei
142 3223 284 3294 residuos]
304 3225 337 3290 cf.
360 3224 387 3278 0.
410 3225 462 3277 Tu.
483 3228 596 3289 2‚18,3
616 3249 650 3268 =
671 3223 698 3278 0.
720 3223 889 3290 3‚1,10(a.
909 3224 979 3292 326).

152 3299 167 3360 ξ
185 3299 243 3347 123.
275 3296 316 3362 Os.
336 3297 360 3348 Ι.
376 3301 401 3362 4,
418 3300 459 3362 13,
476 3295 552 3365 10(9)
566 3311 628 3348 oum
644 3294 762 3364 Theopt.
778 3294 818 3362 (p.
834 3298 886 3347 468
901 3293 998 3363 Fere).
1018 3293 1055 3347 D.
1073 3297 1097 3360 1,

78 3369 178 3430 3,1,4
198 3366 274 3434 (Uip.
295 3368 383 3436 2548).
420 3367 502 3420 Aust.
526 3366 564 3419 ad
585 3365 707 3420 Herone.
729 3371 752 3433 1,
769 3371 810 3431 12,
826 3370 867 3417 22.
907 3364 960 3419 ou.
984 3364 1016 3418 de
1040 3365 1096 3417 tuo.

99 3478 105 3502 '
151 3479 242 3572 sni.
273 3508 314 3574 of.
338 3509 362 3561 Ι.
388 3507 600 3576 4,13,11(10).
647 3507 728 3561 Paul.
755 3512 779 3574 1,
799 3513 823 3572 2,
845 3511 921 3560 1-3.
959 3507 1009 3560 Fr.
1034 3505 1095 3560 Vas.

79 3584 180 3647 sesso.
211 3579 287 3648 (etp.
308 3581 467 3649 seo-sss).
514 3579 552 3633 1).
572 3584 620 3646 44,
641 3583 700 3645 1‚o
729 3578 805 3646 (eae.
826 3580 878 3648 os).
908 3583 954 3644 22,
974 3581 998 3644 s,
1019 3581 1096 3644 19,2
