2552 4082
303 278 354 332 AD
374 277 492 333 GAIVM
509 277 686 332 PRAEFAT.
705 276 762 332 111).
777 276 826 336 VI.
1046 275 1073 332 V

133 446 259 507 Stationi
293 447 392 522 111111,
420 447 458 506 ad
487 466 580 522 quam
609 446 758 506 auditores
786 466 820 504 ex
849 443 981 505 Orientis
1008 465 1078 522 pro?

66 537 168 596 vinciis
185 536 364 596 adduxerint
381 535 517 612 undeque
535 535 716 610 refluxerint,
734 535 846 595 Romae
865 533 974 594 Gaium
992 554 1076 612 prae÷

66 627 153 685 fuisse
179 627 205 684 si
233 627 301 701 quis
325 626 442 684 credere
465 626 551 698 velit,
575 645 642 684 eum
664 625 715 684 vix
738 643 884 702 aegreque
906 624 1076 702 redarguas.

67 715 167 774 horum
181 713 362 774 Graecorum
380 734 462 774 more
481 715 573 773 etiarn
588 713 789 790 praenominis
805 712 860 772 Gai
879 732 950 772 usus
964 712 1077 772 Romae

67 804 218 864 inolevisse
240 806 350 879 potest.

129 891 175 950 Ad
202 892 367 952 docendum
395 891 687 966 scribendumque
715 909 801 950 omne
829 890 960 950 studium
984 888 1076 950 Gaius

67 982 196 1040 contulit.
241 982 420 1058 conscripsit
447 983 530 1040 ante
557 979 766 1040 Institutiones
793 979 884 1040 libros
908 999 943 1038 ex
965 977 1077 1048 Quinto

67 1069 160 1130 Mucio
183 1072 214 1128 et
236 1070 327 1129 edicti
349 1070 628 1147 interpretationem
652 1062 703 1151 (cf.
726 1069 946 1144 Inst.1,188;
976 1071 1077 1127 utrum

67 1159 104 1216 ad
125 1159 212 1218 edicti
239 1160 387 1236 praetoris
414 1159 522 1218 urbani
544 1179 583 1218 an
606 1159 645 1218 ad
667 1157 757 1218 edicti
784 1158 976 1234 provincialis
999 1176 1076 1216 com·

67 1249 239 1322 montanos,
270 1251 414 1324 utrosque
447 1247 501 1306 sub
533 1248 687 1306 Antonino
719 1246 774 1306 Pto
806 1248 969 1320 confectos,
1003 1247 1078 1306 haec

66 1337 153 1395 verba
178 1336 332 1396 referenda
361 1339 433 1412 sint,
466 1329 649 1417 dubitatur),
682 1340 736 1394 aut
761 1339 844 1412 post
870 1335 1078 1396 Institutiones

68 1429 118 1484 aut
138 1428 251 1486 incerto
274 1429 408 1502 tempore
431 1425 501 1500 alia,
523 1425 556 1484 in
579 1444 694 1486 summa
716 1429 835 1484 centum
858 1426 920 1484 lere
942 1412 1051 1484 libros]

129 1515 289 1574 Excellit
314 1518 416 1575 noster
442 1515 540 1575 minus
571 1514 690 1592 ingenio
714 1514 919 1590 profunditate
942 1514 1079 1573 doctrina

68 1605 226 1681 sagacItete
249 1605 423 1664 inventione
442 1623 533 1680 quam
550 1604 674 1664 levitate
694 1604 844 1682 elegantia
866 1602 1079 1680 perspicuitate

69 1813 93 1874 3,
107 1813 156 1862 210
170 1808 216 1878 (cf.
232 1808 288 1863 Cic.
303 1808 344 1863 To
367 1852 372 1862 .
387 1814 414 1877 4,
428 1814 470 1863 23.
499 1807 568 1863 Bell.
584 1807 701 1878 Hispan.
719 1814 743 1876 1,
759 1807 1079 1877 3)11111111111111111

67 1878 198 1934 adraeco
217 1879 304 1934 πάλιν
324 1825 370 1947 ad,
388 1879 474 1935 πάλιν
493 1876 588 1947 αὖθις,
607 1881 682 1949 quod
696 1881 757 1933 tam
771 1878 933 1946 frequenter
950 1878 1078 1944 incurrit,

66 1952 96 2003 ut
113 1951 240 2020 exempla
259 1951 370 2006 adferre
388 1951 627 2022 supersedeamus.
646 1983 681 1990 -
702 1949 782 2015 Quod
796 1949 883 2003 Gaius
898 1949 971 2004 dixit
985 1955 1010 2016 3,
1026 1955 1077 2003 160

67 2021 270 2076 alterutrius
290 2023 454 2090 alicuius,
474 2023 636 2076 abundante
655 2021 807 2088 ‘alicuius’,
827 2021 902 2089 quod
916 2019 1078 2074 Huschkius

66 2109 208 2163 perperam
227 2093 345 2161 delevit,
370 2095 424 2148 hoc
447 2111 497 2147 nos
516 2093 677 2147 meminisse
695 2094 776 2148 iubet
794 2093 895 2147 Graeci
914 2090 1006 2158 ἕτερός
1022 2112 1078 2158 τιςς

66 2181 159 2219 unum
179 2165 324 2234 aliquod
341 2165 487 2236 negotium
506 2169 598 2232 3,148
618 2167 647 2218 et
665 2181 731 2218 una
750 2163 869 2233 aliqua
891 2179 935 2218 res
954 2163 1018 2234 Dig.
1034 2167 1077 2228 29,

66 2242 149 2304 4,13;
170 2242 217 2303 16,
237 2253 309 2305 quae
328 2254 393 2292 cum
407 2235 514 2290 Graeco
531 2232 571 2299 εἷς
589 2255 631 2299 τις
644 2237 774 2306 componi
787 2237 914 2305 possunt,
929 2235 1079 2304 quominus

66 2307 229 2375 adferamus,
248 2307 419 2376 impedimur
433 2324 474 2374 eo,
494 2308 569 2375 quod
583 2307 688 2361 similia
702 2308 882 2361 inveniuntur
901 2306 988 2362 etiam
1002 2306 1079 2376 apud

66 2376 229 2434 Ciceronem.
271 2385 369 2433 contra
391 2379 464 2433 illud
488 2377 558 2432 Gaio
581 2377 726 2447 proprium
753 2379 910 2432 ‘duorum
932 2377 1078 2431 alterum

67 2453 122 2503 ant
139 2483 174 2490 —
194 2451 279 2517 aut',
302 2451 378 2519 quod
401 2449 522 2520 legimus
545 2449 608 2520 Dig.
630 2455 676 2516 35,
692 2457 721 2517 2,
737 2456 814 2516 73‚1
835 2449 917 2519 (libro
932 2449 1023 2502 XVIII
1041 2449 1078 2502 ad

66 2521 104 2573 ed.
117 2524 206 2592 prov.)
226 2522 256 2576 et
272 2521 340 2576 Inst.
357 2528 421 2588 1,1,
437 2528 461 2587 2,
480 2522 511 2574 in
529 2521 708 2592 paragrapho
728 2523 803 2575 certe
822 2537 856 2575 ex
870 2519 940 2574 Gaio
956 2522 1078 2589 sumpta,

66 2593 127 2660 quin
146 2593 225 2646 idem
244 2591 386 2661 citatque
405 2592 544 2647 Graecum
562 2594 643 2647 dvctv
661 2591 786 2661 θάτερον
804 2589 822 2660 ἢ
841 2623 876 2632 -
895 2589 912 2660 ἢ
938 2590 1079 2661 (exempla

65 2662 146 2718 habes
160 2665 192 2717 in
206 2664 343 2734 Kruegeri
358 2664 550 2718 Grammatioa
569 2669 584 2729 ς
600 2670 642 2731 51,
658 2669 700 2731 10,
716 2667 769 2733 11),
784 2662 909 2716 dubitari
922 2663 1028 2731 nequit.
1044 2693 1079 2702 -

66 2732 218 2805 Singularis
236 2735 288 2788 illa
307 2735 491 2801 constructio,
515 2751 588 2802 quae
610 2735 716 2804 legitur
735 2740 844 2800 2,123:
875 2734 986 2788 ‘nullo
1010 2733 1079 2787 iam

65 2805 139 2860 filio
157 2807 424 2876 impedimento'
445 2809 508 2873 aut,
531 2807 607 2874 quod
626 2807 738 2876 saepius
761 2805 916 2873 invenitur,
941 2803 1077 2858 ‘semel’

65 2893 122 2931 cum
144 2877 299 2947 participio
323 2878 453 2932 absoluto
473 2880 508 2947 (2,
523 2883 571 2944 41,
595 2882 654 2931 251,
674 2880 791 2947 4108),
814 2877 908 2931 nescio
928 2892 965 2929 an
982 2876 1078 2946 potius

64 2949 198 3018 ortginem
217 2948 354 3004 Graecam
373 2950 565 3004 demonstrent
583 2965 669 3017 quam
687 2949 826 3002 Latinam.
856 2980 889 2988 —
917 2947 961 3001 Ne
989 2947 1079 3001 soloe-

65 3019 153 3073 cismis
173 3020 290 3088 quidem
309 3020 396 3075 Gaius
416 3018 567 3086 abstinuit;
596 3020 710 3091 scripsit
730 3020 900 3074 ‘venient’
920 3036 971 3088 pro
992 3018 1079 3072 ‘veni-

65 3089 140 3145 bunt’
162 3090 265 3159 2,155,
285 3107 318 3145 ac
337 3092 361 3145 si
379 3091 464 3145 fidem
478 3091 583 3146 habere
597 3091 666 3144 licet
680 3091 771 3145 codici
785 3089 948 3156 Veronensi,
966 3089 1079 3144 veniri

65 3166 164 3230 3,146,
183 3163 382 3218 transiebat
399 3169 423 3230 1,
440 3169 489 3216 111
510 3163 591 3232 (haec
610 3163 666 3216 duo
684 3179 735 3216 nos
755 3161 987 3232 emendavimus);
1010 3178 1079 3215 num

64 3237 134 3288 recte
148 3233 288 3288 traditum
302 3234 349 3302 sit,
364 3233 439 3302 quod
454 3234 559 3304 legitur
572 3232 636 3303 Dig.
653 3238 695 3301 38,
712 3240 736 3299 1,
752 3239 784 3287 19
801 3233 904 3286 ‘satis
918 3233 1078 3301 tempus’,

65 3304 192 3359 dubitare
214 3303 296 3370 licet3
315 3305 419 3360 similia
437 3305 618 3359 inveniuntur
636 3305 713 3374 apud
731 3306 805 3358 auct.
826 3304 862 3358 ad
876 3303 996 3358 Herenn.
1014 3311 1036 3368 1,
1054 3309 1077 3357 1.

64 3372 166 3430 Vitruv.
182 3382 213 3442 5,
229 3381 258 3443 6,
274 3381 289 3430 5
314 3377 358 3446 (cf.
383 3376 507 3446 Madvig.
522 3376 617 3430 defin.
633 3383 663 3442 2,
677 3379 730 3445 84).
776 3375 848 3430 Cave
866 3378 962 3430 tamen
981 3391 1015 3428 ex
1033 3375 1079 3426 his

65 3447 190 3500 omnibus
199 3446 326 3501 effeceris
336 3447 438 3502 Gaium
447 3447 588 3501 hominem
598 3463 662 3502 vere
671 3447 830 3502 Romanum
840 3463 895 3501 non
905 3445 1002 3513 fuisse,
1014 3462 1079 3500 cum

64 3518 226 3584 praesertim
240 3519 400 3573 memineris
417 3520 557 3574 ‘transiet’
573 3519 631 3573 iam
645 3518 790 3572 Tibullum
806 3525 829 3586 1,
840 3524 866 3586 4,
877 3524 909 3572 21
924 3517 1078 3586 scripsisse,

64 3592 158 3655 postea
173 3588 308 3644 Senecam
323 3607 434 3658 quoque
444 3593 502 3644 nat.
514 3591 622 3658 quaest.
633 3596 658 3655 3,
674 3595 715 3654 10,
732 3595 792 3656 134,
813 3589 908 3644 ‘exiet’
929 3589 987 3658 legi
1002 3587 1081 3656 apud

65 3660 181 3714 eundem
199 3659 334 3715 Senecam
352 3661 441 3731 Epist.
459 3667 501 3730 17,
516 3667 540 3729 9,
562 3661 655 3715 ‘iniet’
675 3659 769 3714 Senes.
790 3661 825 3714 de
843 3659 1054 3727 11111112.
