2552 4082
187 236 239 290 XII
349 237 399 292 AD
420 236 538 292 GAIVM
555 235 732 290 PRAEFAT.
751 233 924 290 Hvscfflssl
941 235 1035 290 11111.

186 407 322 482 pretatus
346 407 434 464 esset:
462 405 655 482 quamobrem
678 403 769 464 etiam
791 404 824 462 L.
850 406 892 462 42
929 403 965 462 Ι).
989 403 1025 462 10
1052 403 1122 462 101.
1149 405 1207 462 int

187 496 242 552 vir.
263 486 379 576 (24,1)
403 493 574 553 0111111111
597 496 843 553 commemoratus
872 493 1010 570 princeps
1033 491 1208 552 Antoninus

187 603 242 661 pro
270 584 370 642 Maroo
397 584 551 644 habendus
579 584 643 642 erit.
694 583 831 658 Denique
859 581 950 642 etiam
976 601 1076 640 rerum
1107 583 1210 657 quoti-

188 673 346 732 dianarum
368 672 448 746 libri,
472 675 498 732 si
515 675 612 732 totam
635 690 738 730 eorum
759 673 909 730 rationem
926 668 1128 747 perpenderis,
1144 689 1210 730 non

187 765 313 837 possunt
343 761 471 820 iudicari
501 781 562 820 non
593 763 662 837 post
692 761 900 820 Institutiones
937 761 1096 835 oompositi
1131 777 1208 818 asse.

187 851 270 910 Haeo
293 851 394 910 omnia
416 869 486 908 vero
505 849 628 923 faciunt,
651 853 687 908 ut
704 851 880 909 Mommseni
902 849 1067 908 sententiae
1084 841 1208 929 (Jahrb.

188 938 215 996 d.
235 958 310 1016 gem.
330 939 491 998 deutschen
509 939 544 996 R.
562 938 609 996 Ill
630 941 657 1013 1,
676 959 705 1015 p.
722 930 787 1018 14),
811 938 955 1014 pleraque
978 936 1086 996 Gaium
1109 935 1208 994 Anto·

188 1029 259 1086 nino
287 1027 341 1086 Pio
368 1027 534 1104 imperante
563 1018 813 1108 (1.138-161)
844 1025 997 1103 scripsisse
1029 1027 1206 1085 arbitrantis

188 1116 268 1175 haud
301 1117 388 1175 facile
418 1117 570 1190 aeoedam,
601 1115 653 1174 sed
679 1117 817 1193 vegetam
844 1117 974 1174 aetatem
996 1115 1028 1172 in
1051 1115 1086 1172 D.
1109 1115 1207 1174 Maroi

187 1207 324 1282 tempora
351 1224 419 1265 eum
446 1205 635 1264 transtulisse
662 1205 766 1262 malim
796 1205 921 1278 opinari.
977 1203 1101 1272 Quando
1132 1223 1206 1262 vero

188 1293 308 1362 obierit,
344 1295 500 1353 nescimus.
558 1294 688 1352 Tantum
720 1291 874 1352 Commodi
908 1295 1044 1369 tempora
1077 1285 1205 1373 (1176

189 1385 296 1442 -192
318 1377 506 1461 [imperantis
524 1382 592 1441 oum
611 1385 696 1457 patre
717 1401 743 1440 1.
765 1374 970 1461 176-180])
995 1401 1063 1440 eum
1085 1381 1206 1456 vidisse,

188 1491 223 1530 ex
247 1490 289 1546 ee,
313 1471 392 1546 quod
415 1472 454 1530 ad
478 1469 530 1530 SC.
555 1470 766 1546 Orphitianum
789 1471 918 1547 scripsit,
942 1470 1077 1529 efficitur.

255 1560 339 1618 Idem
366 1561 565 1620 Mommsenus
593 1561 612 1618 l.
637 1578 661 1618 0.
691 1557 798 1618 Gaium
827 1555 947 1624 ‘Ioron
974 1555 1206 1636 provincialem'

188 1650 293 1722 fuisse,
321 1651 374 1725 qui
399 1651 432 1708 in
460 1651 586 1723 oriente,
614 1652 645 1708 et
671 1651 706 1707 ut
733 1649 929 1726 probabiliter
951 1651 1082 1708 statuere
1105 1649 1207 1722 110011,

189 1739 305 1796 Troade
326 1739 359 1796 in
377 1737 452 1797 Asia
469 1739 516 1797 ius
535 1737 668 1798 10010111
685 1737 836 1814 librosque
850 1757 918 1796 suos
933 1738 1068 1812 ediderit,
1086 1757 1208 1815 magno,

188 1830 223 1886 11
241 1827 326 1901 solet,
346 1827 480 1886 acumine
500 1819 651 1887 adstruere
670 1831 792 1886 conatus
812 1829 869 1886 est:
893 1829 1076 1905 argumentis
1094 1829 1207 1899 tamen,

190 1916 269 1992 quod
296 1935 369 1992 paee
396 1917 456 1975 riri
483 1917 520 1974 de
542 1917 589 1974 his
612 1917 722 1976 litteris
744 1915 928 1976 meritissimi
954 1917 1087 1992 mihique
1115 1915 1207 1974 amici

191 2005 330 2079 dixerim,
354 2004 514 2064 admodum
542 2004 641 2062 dubiis
669 2008 700 2064 et
721 2007 817 2083 magis
841 2005 980 2081 speciosis
1004 2025 1094 2082 quam
1116 2005 1207 2063 veris.

189 2093 323 2152 Primum
346 2095 437 2168 enim,
462 2093 543 2168 quod
564 2093 600 2174 10
623 2095 686 2153 solo
709 2096 900 2169 praenomine
927 2095 966 2153 ad
993 2093 1208 2170 appellandum

191 2201 258 2240 eum
282 2181 393 2242 Graeco
416 2201 498 2240 more
521 2185 664 2258 usurpato
683 2183 826 2258 disputat,
844 2185 1059 2258 imperatorum
1076 2185 1207 2242 maxime

190 2289 263 2330 aevo
296 2271 419 2330 eandem
451 2271 625 2346 appellandi
656 2272 899 2331 consuetudinem
928 2273 1016 2330 oertis
1045 2292 1079 2331 ex
1107 2273 1207 2331 eausis

190 2360 282 2418 etiam
304 2359 416 2418 Romae
439 2359 616 2434 obtinuisse,
643 2364 679 2419 ut
705 2361 766 2418 iam
793 2380 884 2436 supra
907 2360 1004 2420 obiter
1026 2361 1206 2438 signifieavi-

188 2467 264 2523 mus,
286 2449 382 2506 multa
405 2449 539 2524 exempla
561 2450 644 2507 velut
662 2451 876 2525 imperatorum
900 2449 982 2523 Gaii,
1004 2449 1080 2522 Titi,
1102 2449 1208 2522 Maroi,

190 2540 221 2596 et
252 2555 319 2596 oum
345 2537 394 2596 hio
421 2537 457 2595 de
484 2538 764 2597 iurisoonsultorum
789 2557 872 2596 more
899 2540 1074 2613 quaeratur,
1108 2537 1208 2596 Servii

191 2619 356 2708 (Sulpicii),
385 2625 467 2684 Sexti
490 2619 676 2709 (Pomponii,
703 2628 740 2686 of.
760 2626 917 2702 Zimmern,
944 2626 1022 2686 Hist.
1046 2626 1102 2684 iur.
1123 2623 1142 2701 §
1164 2628 1205 2686 92

189 2717 251 2774 101.
272 2708 306 2797 6)
334 2717 365 2774 01
391 2715 484 2791 ipsius
514 2715 583 2775 Gaii
610 2707 721 2797 (Cassii
748 2715 891 2794 Longini,
913 2716 950 2775 of.
971 2716 1120 2774 Zimmem
1142 2716 1162 2774 l.
1181 2734 1207 2774 o.

190 2803 210 2878 ξ
234 2805 274 2862 85
303 2808 364 2864 101.
390 2797 450 2886 25)
484 2805 651 2864 ostendunt.
706 2805 821 2863 Deinde
853 2806 933 2880 quod
965 2803 1033 2864 Gaii
1064 2823 1208 2878 responsa

189 2913 250 2952 non
280 2895 410 2967 exstant,
442 2895 505 2969 ipse
538 2893 695 2952 confitetur
725 2893 938 2968 Mommsenus,
970 2895 1063 2952 etiam
1093 2893 1207 2951 Romae

189 2983 322 3058 potuisse
336 2981 450 3056 IOtum,
468 2983 520 3056 qui
538 2983 742 3058 respondendo
757 3002 879 3059 operam
897 2983 1067 3056 10111101,
1085 2983 1208 3058 seriptis

189 3071 342 3130 inolarere.
387 3069 430 3128 At
453 3069 544 3129 Gaius
563 3071 693 3130 edietum
711 3072 896 3148 provinciale
917 3074 1132 3131 commentatus
1152 3073 1207 3145 est,

190 3159 270 3234 quod
292 3159 491 3238 Mommsenus
514 3162 605 3236 negat
626 3161 687 3220 nisi
709 3160 745 3219 de
768 3163 875 3236 oertae,
897 3162 1001 3236 itaque
1025 3161 1096 3234 eine,
1116 3177 1207 3234 quam

188 3247 387 3322 inhabitabat,
402 3249 572 3323 provinciae
588 3249 684 3308 011010
698 3250 835 3327 intellegi
848 3267 944 3327 posse,
962 3268 1086 3325 eamque
1100 3247 1207 3307 Asiam

189 3336 281 3396 firisse
300 3339 445 3410 autumat,
463 3354 531 3394 oum
550 3335 641 3395 Gaius
660 3337 860 3413 Bithynorum
879 3341 909 3398 01
928 3338 1104 3398 Galatarum
1123 3356 1207 3413 pere-

189 3427 309 3502 grinum
330 3427 377 3484 ius
402 3417 488 3505 (Inst.
510 3426 610 3504 1,55;
631 3417 708 3506 193)
733 3427 763 3484 01
786 3427 924 3502 Troadis,
946 3427 1052 3503 Beryti
1075 3429 1105 3485 et
1128 3426 1207 3502 Dyr·

188 3514 305 3574 rhaohii
331 3515 378 3573 ius
405 3513 545 3572 Italicum
573 3505 659 3594 (11.7
693 3513 729 3572 D.
757 3515 793 3573 de
816 3535 893 3575 oens.
918 3509 1049 3598 50,15)
1079 3535 1206 3574 0011110-

188 3604 359 3664 moraven't.
420 3601 479 3661 Sed
509 3603 549 3677 si,
585 3606 620 3661 ut
652 3603 815 3679 existimat,
852 3605 980 3663 multum
1012 3605 1102 3664 etiam
1134 3607 1206 3662 tuno
