2552 4082
168 190 285 246 XXVHI
330 189 380 245 AD
400 189 519 246 GAIVM
537 189 713 246 PRAEFAT.
733 189 906 246 Hvscmffl
923 189 979 244 ΕΙ).
995 189 1014 244 L

166 361 298 437 partium
330 359 553 420 distributiones
585 359 717 419 mirabili
749 360 878 436 quodam
909 379 1047 420 verorum
1079 357 1184 418 discri-

166 451 281 508 minum
304 468 391 510 sensu
413 450 552 509 inventae
571 451 602 508 11
621 467 774 526 expressae
793 451 872 522 sunt,
895 468 955 524 qua
974 448 1010 506 de
1028 468 1060 506 re
1081 447 1185 524 dispu-

165 541 231 598 tare
253 539 378 616 longum
396 541 426 598 et
445 539 482 596 ab
500 539 639 598 hocloco
663 537 794 596 alienum
817 530 888 598 111.1
932 537 1069 612 Denique
1089 535 1184 596 Gaius

166 629 198 686 in
226 629 409 704 expositione
436 629 523 686 tanta
549 628 764 703 perspicuitate
792 628 823 684 et
846 625 962 686 dicendi
989 626 1184 702 simplicitate

165 734 237 776 usus
265 719 323 792 est,
354 718 389 774 ut
415 715 601 775 Herodotum
627 718 674 774 ius
706 734 828 774 1111111
861 715 994 792 opinere:
1026 734 1103 792 quae
1134 733 1185 773 res

167 823 233 864 cum
265 805 370 881 primis
401 807 534 864 tironum
567 807 680 864 animos
713 805 809 864 allicit
841 807 871 864 et
903 805 1038 863 delectat.
1096 803 1185 873 Quod

166 887 236 953 vero
272 894 473 971 negligentiae
509 893 541 952 in
577 893 756 970 quibusdam
789 895 943 954 incusatus
976 896 1032 968 est,
1068 895 1184 968 partim

165 981 297 1042 librariis
329 983 430 1058 potius
461 982 537 1042 vitio
564 983 739 1042 vertendum
772 974 869 1064 (velut
896 982 976 1058 quod
1003 981 1082 1040 haud
1113 1001 1184 1040 raro

164 1073 271 1130 contra
298 1073 495 1148 grammatica
523 1071 558 1130 de
587 1074 794 1131 consecutione
821 1074 989 1147 temporum
1021 1074 1185 1148 praecepta

165 1177 303 1236 peccasse
329 1153 475 1242 videtur),
506 1161 618 1236 partim
646 1162 734 1220 aliter
764 1160 965 1220 excusandum
997 1163 1049 1218 est.
1103 1159 1184 1218 Nam

165 1266 340 1325 persuasum
366 1249 441 1308 mihi
464 1251 509 1308 est
540 1269 599 1308 non
626 1253 748 1309 cunctos
778 1253 922 1324 quattuor
954 1249 1183 1308 commentarios

167 1338 268 1412 simul,
291 1338 343 1396 sed
365 1340 497 1416 singulos
521 1357 588 1396 enm
610 1340 642 1396 in
655 1332 818 1414 'publicum
841 1339 980 1412 edidisse,
1007 1338 1070 1396 sive
1103 1357 1183 1396 com-

166 1429 250 1484 muni
278 1427 489 1486 consuetudine
517 1419 602 1508 (nem
630 1430 661 1486 et
687 1428 762 1486 alios
793 1427 849 1486 hoc
881 1428 985 1486 fecisse
1012 1427 1096 1485 velut
1123 1427 1185 1485 ista

166 1516 227 1574 fere
252 1517 349 1574 aetate
372 1514 557 1592 Polyaenum
580 1519 826 1594 strategematum
849 1518 1023 1592 scriptorem
1050 1534 1185 1590 comper-

166 1608 231 1663 tum
258 1596 414 1686 habemus)
448 1607 510 1665 sive
539 1605 618 1680 quod
646 1607 709 1682 ipse
741 1605 797 1664 hoc
825 1605 994 1665 adsueverit
1026 1604 1124 1664 facere
1151 1605 1185 1662 in

166 1692 252 1752 libris
276 1693 477 1770 singularibus
501 1693 539 1752 ad
562 1694 693 1754 edictum
716 1693 844 1768 edendis,
867 1694 929 1754 sive
948 1693 1028 1769 quod
1046 1691 1185 1752 diffiden-

165 1783 211 1840 tia
238 1783 384 1858 quaedam
406 1785 439 1842 in
461 1785 525 1840 tam
551 1802 628 1842 novo
657 1784 853 1858 scriptionum
882 1801 988 1859 genere
1013 1801 1183 1841 111111111-

166 1873 287 1948 pulerit,
301 1875 336 1930 ut
349 1871 461 1930 iudicia
474 1871 628 1930 hominum
646 1872 836 1948 experiretur.
881 1871 1065 1950 Argumento
1080 1873 1184 1929 autem

166 1963 211 2018 est
233 1963 377 2036 primum,
404 1961 533 2036 quodsi
559 1963 690 2036 primum
718 1962 964 2020 commentarium
991 1980 1058 2020 cum
1085 1961 1184 2019 altero

166 2049 285 2107 demum
307 2051 468 2127 vulgasset,
490 2051 671 2108 mentionem
693 2051 884 2126 imperatoris
902 2049 1048 2108 Antonini
1068 2052 1095 2124 1,
1118 2051 1182 2108 102

164 2140 311 2212 tanquam
337 2139 401 2197 vivi
427 2137 562 2198 habitam
589 2159 649 2197 non
675 2141 795 2214 poterat
821 2140 853 2196 in
881 2138 943 2198 divi
971 2156 1184 2198 commemora·

166 2227 279 2284 tionem
301 2245 361 2284 non
383 2229 507 2284 mutare.
555 2225 701 2286 Similiter
722 2227 868 2286 iudicabis
891 2227 927 2286 de
951 2227 1077 2286 secundo
1103 2245 1185 2286 com-

164 2315 312 2374 mentario
335 2317 452 2374 ratione
474 2317 567 2389 tertii,
590 2317 622 2374 in
645 2335 703 2391 quo
727 2315 746 2391 ξ
768 2318 831 2375 100
854 2318 918 2392 ipse
946 2318 1094 2376 rationem
1116 2317 1184 2392 pla-

166 2403 219 2462 citi
251 2403 362 2478 reddit,
394 2403 474 2480 quod
498 2407 527 2479 2,
544 2405 606 2462 232
630 2425 690 2463 111
721 2407 853 2480 pretiosa
883 2407 1000 2464 ratione
1028 2408 1184 2482 receptum

165 2510 229 2551 esse
261 2492 385 2552 dixerat.
440 2493 543 2552 Etiam
575 2493 610 2552 de
642 2497 821 2570 usucapione
853 2513 907 2570 pro
935 2494 1042 2552 herede
1069 2511 1123 2552 suo
1152 2495 1185 2552 et

165 2583 331 2640 necessario
354 2582 402 2641 vel
425 2583 590 2641 necessario
613 2582 719 2641 herede
743 2585 871 2658 extante,
895 2585 1085 2642 controversa
1110 2601 1184 2642 sanc

165 2672 306 2746 materia,
330 2670 448 2730 diversa
469 2671 565 2730 tradit
589 2673 623 2746 2,
638 2672 679 2730 58
704 2674 735 2730 et
758 2672 1067 2748 3,201,11111111
1090 2671 1183 2730 ratio-

164 2779 234 2818 nem
256 2759 363 2818 traditi
385 2761 417 2818 in
436 2780 470 2818 eo
488 2761 566 2818 male
589 2761 723 2836 posuisse
742 2760 889 2836 videatur,
912 2761 992 2835 quod
1014 2763 1183 2830 necessario

165 3018 234 3069 opus
252 2999 360 3054 habent
374 3000 485 3054 actione
504 3001 533 3054 ot
552 3015 635 3070 saepe
654 3002 765 3054 tantum
779 3001 809 3054 in
824 3001 927 3070 agendi
945 3000 1082 3055 facultate
1101 3016 1183 3070 prae·

165 3072 234 3126 etita
252 3071 432 3139 consistunt):
451 3075 546 3126 nostro
565 3088 630 3126 vero
648 3074 775 3142 tempore
794 3072 933 3126 exstincta
952 3087 1041 3141 paene
1061 3071 1183 3126 actionis
1258 3065 1259 3142 J

165 3142 332 3210 substantia,
352 3141 416 3196 Gaii
435 3141 559 3196 actiones
579 3159 596 3196 a
613 3142 755 3213 plerisque
774 3143 886 3197 omnino
906 3143 962 3198 alio
980 3159 1063 3196 sensu
1077 3160 1114 3198 sc.
1130 3161 1182 3212 pro
1258 3143 1259 3202 1

162 3211 298 3281 πράξεσιν
322 3213 528 3282 acciperentur,
552 3230 609 3282 qua
629 3214 739 3268 ratione
763 3214 852 3268 omnis
875 3214 937 3268 laus
957 3213 1082 3268 Gaianae
1110 3214 1182 3268 divi·

165 3284 251 3338 sionis
269 3285 425 3354 perimitur.

237 3357 263 3424 1)
285 3355 419 3410 ‘Tabulas
439 3355 658 3410 delineationem
677 3357 838 3426 systematis
858 3355 1029 3410 Gaianarum
1047 3355 1182 3410 Iustinie-

162 3441 319 3496 nurumque
336 3426 548 3481 institutionum
567 3427 689 3481 interes
708 3430 865 3497 comparati
884 3427 1047 3480 exhibentes
1067 3443 1101 3482 ex
1120 3431 1182 3482 arte
1258 3449 1259 3456 ¹

161 3499 192 3551 in
211 3497 330 3552 formam
349 3498 451 3552 indicis
469 3499 610 3553 redactas’
630 3499 721 3552 111111
740 3516 804 3552 cum
823 3501 883 3553 1111
903 3498 1025 3552 confecit
1043 3497 1181 3552 Boeokin-
1258 3499 1259 3558 ξ

161 3569 226 3640 gius
245 3586 368 3638 suaeque
387 3569 451 3624 Gaii
470 3570 588 3624 editioni
607 3570 645 3624 ad
664 3569 770 3624 calcem
788 3569 900 3624 adiecit.
