2552 4082
204 247 255 300 AD
274 245 393 303 GAIVM
411 247 586 302 Panassa.
604 246 778 303 HVSCHKII
795 247 851 302 ΕΙ).
867 247 887 304 1.
973 249 1051 304 XVII

48 435 75 476 se
93 417 161 475 dare
177 417 293 476 maluit.
339 417 478 476 inlibris
497 421 597 476 autem
615 415 776 478 scribendis
799 437 908 478 novam
930 420 1051 477 omnino

49 507 123 564 viam
143 507 292 583 ingressus
315 510 369 580 est,
392 508 427 565 ut
448 509 562 582 primus
585 509 683 566 totum
705 508 779 566 iuris
799 509 896 568 civilis
920 525 994 584 opus
1012 507 1051 566 ad

48 597 134 654 artem
155 609 308 654 revocasse
331 595 391 654 dici
412 597 515 671 possit.
561 596 766 656 Divisionibus
795 598 873 654 enim
897 598 931 655 ut
956 597 1050 655 bonus

48 685 180 761 magister
202 686 322 744 omnino
345 684 508 760 plurimum
530 685 663 744 tribuens
686 686 735 744 vel
757 687 789 743 in
816 687 881 744 toto
904 685 1051 744 scribendi

48 791 126 848 opere
152 773 345 850 bipertitione
373 774 502 850 quadam
525 793 625 834 omnes
648 775 722 834 iuris
745 775 855 849 fontes,
883 793 956 850 quos
979 776 1051 834 tunc

48 861 100 919 iuri
121 881 242 938 operam
265 863 405 921 daturum
428 865 557 922 maxime
579 882 665 924 nosse
687 863 858 939 oportebat,
881 863 1050 940 complexus

49 969 102 1010 esse
119 951 361 1026 deprehenditur:
381 971 561 1029 quanquam,
576 971 643 1011 cum
657 952 802 1012 eiusmodi
816 955 939 1029 pertitio
953 955 1052 1012 totum

48 1040 114 1097 illud
141 1059 248 1100 aevum
274 1041 366 1100 taeite
393 1043 523 1119 regeret,
555 1043 647 1100 etiam
672 1044 769 1119 magis
800 1041 866 1118 ipsa
897 1061 929 1100 re
961 1061 1052 1118 quarn

48 1129 160 1188 oonsilio
183 1132 217 1187 in
240 1147 306 1187 eam
328 1129 458 1188 incidere
486 1131 594 1206 potuit.
640 1127 746 1206 Itaque
769 1131 888 1208 scripsit
910 1131 949 1190 ad
971 1131 1050 1209 leges

49 1216 98 1275 XII
114 1218 294 1293 tabularum,
312 1221 420 1278 veteris
438 1219 521 1294 iuris,
540 1223 570 1278 et
589 1219 627 1278 ad
640 1219 737 1297 legem
750 1219 859 1278 Iuliam
873 1222 903 1278 et
916 1220 1051 1296 Papiam,

48 1307 110 1366 novi
131 1309 204 1367 imis
232 1307 329 1367 civilis
352 1308 541 1384 potissimum
568 1309 689 1368 fontem.
738 1307 955 1385 Interpretatur
978 1311 1051 1368 item

11 1433 12 1440 .
48 1399 87 1454 est
107 1395 235 1455 edictum
257 1399 426 1473 utrumque,
448 1397 480 1456 id
503 1400 548 1456 est
570 1397 705 1456 urbicum
728 1400 759 1456 et
780 1398 977 1474 provinciale:
995 1399 1051 1457 hac

49 1487 124 1559 parte
148 1487 240 1544 etiam
267 1486 423 1564 propalam
446 1485 614 1546 Labeonem
640 1506 695 1563 pro
722 1489 839 1546 mutata
860 1506 960 1546 rerum
983 1506 1051 1547 oon-

49 1573 151 1632 dioione
174 1577 324 1649 imitatus,
352 1577 404 1651 qui
427 1575 465 1634 ad
492 1576 589 1634 edicta
615 1578 762 1651 praetoris
785 1575 893 1634 urbani
916 1577 946 1635 et
968 1595 1051 1652 pore·

48 1663 116 1738 grini
139 1666 285 1739 separatis
308 1663 393 1724 libris
417 1666 581 1740 scripserat
599 1657 646 1746 (L.
673 1667 713 1724 19
738 1664 774 1723 D.
798 1664 833 1724 de
852 1665 931 1723 verb.
951 1665 1050 1743 signif.

50 1753 159 1825 so,1o.
193 1752 226 1810 L.
252 1751 409 1828 e§4D.
433 1753 469 1812 de
496 1753 554 1812 dol.
582 1753 651 1812 mal.
680 1755 715 1829 4,
735 1745 782 1834 3).
837 1754 972 1828 Denique
1004 1757 1051 1813 ius

48 1841 133 1916 civile,
156 1841 237 1917 quod
260 1861 296 1900 ex
316 1845 466 1918 responsis
488 1842 681 1918 prudentium
703 1843 838 1917 fluxerat,
857 1843 968 1920 partim
990 1845 1051 1902 tra-

48 1928 133 1988 ditum
160 1930 245 1990 libris
274 1951 308 1989 ex
332 1930 364 2000 Q.
388 1925 505 1991 Mucio1
534 1933 636 2007 fastis,
664 1933 717 2008 qui
743 1933 856 2009 primus
884 1932 931 1990 ius
964 1933 1050 1990 civile

48 2021 233 2078 constituerat
257 2012 302 2101 (L.
323 2023 341 2078 2
367 2019 386 2095 ξ
411 2023 451 2079 41
477 2021 512 2078 D.
537 2021 573 2080 de
597 2023 670 2098 orig.
694 2023 749 2079 iur.
775 2023 803 2096 1,
820 2011 853 2100 2)
882 2019 1051 2096 additoque,

49 2107 145 2166 utillo
169 2109 230 2168 slio
252 2111 371 2168 tantum
394 2111 512 2168 nomine
532 2101 639 2192 (ὅρων)
662 2111 781 2185 fecerat,
804 2109 881 2168 libro
904 2110 1052 2186 singulari

48 2196 77 2254 de
104 2197 230 2275 reguliS,
261 2201 374 2273 partim
406 2201 469 2258 arte
497 2199 625 2274 quadam
657 2199 854 2276 compositum
881 2199 1051 2277 regularum

48 2279 147 2360 libris²,
180 2287 338 2346 accedente
370 2287 406 2346 de
438 2287 553 2347 casibus
588 2279 745 2370 (exeeptis)
782 2288 859 2347 libro
897 2289 1051 2366 singulari,

49 2377 174 2434 executus
198 2378 251 2436 est.
299 2375 357 2436 Sed
379 2395 438 2435 non
461 2377 647 2437 satisfaciens
670 2378 740 2452 sibi,
762 2377 822 2436 nisi
844 2379 874 2436 et
896 2379 1050 2436 universae

11 2501 12 2546 ss
48 2465 149 2537 privati
175 2465 250 2524 iuris
278 2465 454 2540 prudentiae
481 2467 514 2524 in
541 2468 637 2524 artem
658 2466 796 2525 redactae
818 2467 981 2543 imaginem
1003 2485 1051 2524 ex-

48 2553 197 2628 sculperet,
226 2555 317 2612 etiam
339 2573 448 2614 novam
471 2553 586 2614 addidit
607 2555 722 2632 bigam,
749 2554 970 2630 institutiones,
998 2574 1052 2630 per

51 2659 112 2714 quas
139 2643 177 2702 ad
204 2643 470 2720 iurisprudentiam
498 2643 683 2720 adspirantes
711 2645 781 2703 viva
807 2645 945 2720 magistri
977 2662 1048 2702 voce

50 2729 220 2806 docerentur,
244 2734 274 2790 et
295 2751 395 2791 rerum
414 2733 656 2808 quotidianarum
678 2732 770 2792 libros
789 2736 911 2808 septem,
930 2752 965 2790 er
984 2735 1050 2808 quis

48 2817 93 2878 bus
115 2822 156 2879 sio
179 2820 290 2879 imbuti
308 2823 438 2898 seipsos
462 2821 592 2880 docendo
612 2813 825 2881 addiscerent³
871 2820 968 2880 Ceteri
986 2822 1051 2880 eiu·

110 2991 135 3058 1)
152 2988 226 3057 Non,
245 2991 278 3042 ut
295 2989 372 3044 illius
392 2992 421 3044 et
440 2991 582 3060 sequentis
600 2990 661 3044 aevi
675 2989 728 3044 viri
741 2987 899 3059 πρακτικοί,
919 2989 956 3043 ad
971 2989 1051 3043 Sabi-

50 3075 113 3126 num,
130 3059 304 3125 fastidiente,
323 3065 355 3116 ut
373 3064 451 3130 puto,
471 3061 534 3116 Gaii
553 3061 636 3131 genio
657 3061 859 3116 ‘deleramenta
876 3061 1049 3114 Masuriana'

50 3129 139 3197 (Front.
159 3147 203 3200 ep.
224 3131 262 3184 ad
279 3131 316 3185 M.
337 3131 413 3186 Caes.
430 3139 454 3201 2,
471 3135 495 3202 1)
520 3133 537 3186 i.
554 3149 576 3186 e.
601 3149 716 3187 casuum
739 3149 823 3202 super
841 3149 922 3186 casus
941 3148 1051 3186 coacer-

50 3202 189 3269 vationem,
213 3202 293 3257 nulla
315 3203 453 3258 naturalis
477 3219 570 3258 rerum
589 3203 694 3258 ordinis
712 3205 822 3258 ratione
840 3203 951 3269 habita,
975 3204 1051 3272 quod

52 3287 124 3338 genus
148 3274 290 3328 scribendi
314 3275 411 3330 Sabini
434 3275 501 3328 libri
523 3275 592 3329 iuris
611 3275 701 3329 civilis
721 3275 894 3329 desiderasse
912 3274 1049 3328 videntur.

52 3339 113 3396 Nam
129 3343 216 3400 Gaius
236 3345 330 3399 omnia
349 3347 387 3400 ad
405 3363 509 3418 genera
528 3363 579 3400 sua
596 3363 726 3400 revocare
744 3346 877 3413 malebat,
896 3347 929 3399 ut
944 3346 973 3411 Q.
989 3346 1049 3398 Mu-

51 3413 100 3467 cius
124 3415 238 3470 fecerat.
312 3420 338 3486 2)
357 3417 411 3472 Hic
434 3433 544 3488 quoque
567 3418 703 3473 librorum
725 3418 825 3472 titulus
848 3433 938 3486 paene
963 3433 1050 3470 novus

53 3488 101 3538 erat
125 3503 176 3540 nec
205 3491 290 3541 antea
313 3505 330 3542 a
354 3506 496 3558 quoquam
518 3489 574 3543 nisi
593 3505 609 3542 a
631 3489 749 3543 Neratio
772 3489 867 3542 Prisco
890 3490 1049 3557 usurpatus.

53 3557 73 3622 3)
88 3557 159 3612 Haec
178 3559 255 3612 enim
272 3561 419 3628 utriusque
438 3562 529 3629 operis
548 3561 622 3614 inter
641 3577 670 3614 se
687 3560 760 3614 ratio
780 3569 840 3614 esse
853 3560 971 3614 videtur.
1009 3559 1053 3612 Cf.

51 3625 80 3679 de
102 3629 255 3684 Buchholtn
283 3631 313 3684 in
340 3631 450 3702 Hugon.
480 3632 530 3687 civ.
558 3632 633 3702 Mag.
652 3631 691 3685 VI
713 3637 816 3700 11232.
836 3637 896 3685 261.
949 3629 1050 3683 Omisit

96 3738 193 3770 warenn.
207 3739 290 3771 ulem
304 3740 357 3771 REI«.
377 3743 414 3772 ΕΒ.
430 3741 462 3772 v1.
871 3719 889 3771 b
