<?xml version="1.0" encoding="UTF-8"?>
<!DOCTYPE html PUBLIC "-//W3C//DTD XHTML 1.0 Transitional//EN"
    "http://www.w3.org/TR/xhtml1/DTD/xhtml1-transitional.dtd">
<html xmlns="http://www.w3.org/1999/xhtml" xml:lang="en" lang="en">
 <head>
  <title>
</title>
<meta http-equiv="Content-Type" content="text/html;charset=utf-8" />
  <meta name='ocr-system' content='tesseract 3.04.00' />
  <meta name='ocr-capabilities' content='ocr_page ocr_carea ocr_par ocr_line ocrx_word'/>
</head>
<body>
  <div class='ocr_page' id='page_1' title='image "./gaiinstitutionu00huscgoog_0064.png"; bbox 0 0 2552 4082; ppageno 0'>
   <div class='ocr_carea' id='block_1_1' title="bbox 363 231 1050 315">
    <p class='ocr_par' dir='ltr' id='par_1_1' title="bbox 363 231 1050 315">
     <span class='ocr_line' id='line_1_1' title="bbox 363 231 1050 315; baseline -0.001 -8"><span class='ocrx_word' id='word_1_1' title='bbox 363 251 425 307; x_wconf 83' lang='lat' dir='ltr'><strong>cm</strong></span> <span class='ocrx_word' id='word_1_2' title='bbox 442 251 569 306; x_wconf 79' lang='lat' dir='ltr'><strong>mann.</strong></span> <span class='ocrx_word' id='word_1_3' title='bbox 589 251 602 304; x_wconf 90' lang='lat'>1</span> <span class='ocrx_word' id='word_1_4' title='bbox 622 257 734 306; x_wconf 75' lang='grc'>11-11.</span> <span class='ocrx_word' id='word_1_5' title='bbox 862 231 865 239; x_wconf 78' lang='grc'><strong>“</strong></span> <span class='ocrx_word' id='word_1_6' title='bbox 1009 251 1050 315; x_wconf 79' lang='lat'><strong>21</strong></span> 
     </span>
    </p>
   </div>
   <div class='ocr_carea' id='block_1_2' title="bbox 47 415 1105 2810">
    <p class='ocr_par' dir='ltr' id='par_1_2' title="bbox 47 415 1054 835">
     <span class='ocr_line' id='line_1_2' title="bbox 47 415 1052 498; baseline 0 -18"><span class='ocrx_word' id='word_1_7' title='bbox 47 417 107 480; x_wconf 82' lang='lat' dir='ltr'><strong>tado</strong></span> <span class='ocrx_word' id='word_1_8' title='bbox 129 415 371 480; x_wconf 74' lang='lat' dir='ltr'><strong>matrimonium</strong></span> <span class='ocrx_word' id='word_1_9' title='bbox 396 419 594 480; x_wconf 89' lang='lat' dir='ltr'><strong>contractum</strong></span> <span class='ocrx_word' id='word_1_10' title='bbox 617 415 726 498; x_wconf 88' lang='lat' dir='ltr'><strong>fuerit,</strong></span> <span class='ocrx_word' id='word_1_11' title='bbox 753 415 914 479; x_wconf 85' lang='lat' dir='ltr'><strong>emendari</strong></span> <span class='ocrx_word' id='word_1_12' title='bbox 937 416 1052 480; x_wconf 90' lang='lat' dir='ltr'><strong>uitium</strong></span> 
     </span>
     <span class='ocr_line' id='line_1_3' title="bbox 48 502 1053 587; baseline 0 -19"><span class='ocrx_word' id='word_1_13' title='bbox 48 506 110 568; x_wconf 85' lang='lat' dir='ltr'><strong>eius</strong></span> <span class='ocrx_word' id='word_1_14' title='bbox 133 527 173 568; x_wconf 83' lang='lat' dir='ltr'><strong>ex</strong></span> <span class='ocrx_word' id='word_1_15' title='bbox 196 509 326 568; x_wconf 87' lang='lat' dir='ltr'><strong>senatus</strong></span> <span class='ocrx_word' id='word_1_16' title='bbox 351 502 781 587; x_wconf 73' lang='lat' dir='ltr'><strong>eonsu1t01seaadam20a,</strong></span> <span class='ocrx_word' id='word_1_17' title='bbox 804 526 884 587; x_wconf 84' lang='lat' dir='ltr'><strong>quac</strong></span> <span class='ocrx_word' id='word_1_18' title='bbox 908 505 1053 587; x_wconf 85' lang='lat' dir='ltr'><strong>superius</strong></span> 
     </span>
     <span class='ocr_line' id='line_1_4' title="bbox 48 594 1054 676; baseline 0.001 -20"><span class='ocrx_word' id='word_1_19' title='bbox 48 594 189 658; x_wconf 84' lang='lat' dir='ltr'><strong>diximus.</strong></span> <span class='ocrx_word' id='word_1_20' title='bbox 228 594 255 657; x_wconf 91' lang='lat' dir='ltr'><strong>si</strong></span> <span class='ocrx_word' id='word_1_21' title='bbox 278 615 354 657; x_wconf 91' lang='lat' dir='ltr'><strong>uero</strong></span> <span class='ocrx_word' id='word_1_22' title='bbox 377 595 485 658; x_wconf 87' lang='lat' dir='ltr'><strong>nullus</strong></span> <span class='ocrx_word' id='word_1_23' title='bbox 508 615 596 657; x_wconf 85' lang='lat' dir='ltr'><strong>error</strong></span> <span class='ocrx_word' id='word_1_24' title='bbox 617 594 830 676; x_wconf 84' lang='lat' dir='ltr'><strong>intervenerit,</strong></span> <span class='ocrx_word' id='word_1_25' title='bbox 847 594 902 658; x_wconf 81' lang='lat' dir='ltr'><strong>scd</strong></span> <span class='ocrx_word' id='word_1_26' title='bbox 919 595 1054 658; x_wconf 86' lang='lat' dir='ltr'><strong>scientes</strong></span> 
     </span>
     <span class='ocr_line' id='line_1_5' title="bbox 49 683 1054 766; baseline 0.001 -21"><span class='ocrx_word' id='word_1_27' title='bbox 49 704 133 745; x_wconf 90' lang='lat' dir='ltr'><strong>suam</strong></span> <span class='ocrx_word' id='word_1_28' title='bbox 162 683 383 746; x_wconf 86' lang='lat' dir='ltr'><strong>condicionem</strong></span> <span class='ocrx_word' id='word_1_29' title='bbox 411 683 457 746; x_wconf 86' lang='lat' dir='ltr'><strong>ita</strong></span> <span class='ocrx_word' id='word_1_30' title='bbox 485 683 630 766; x_wconf 78' lang='lat' dir='ltr'><strong>coierint,</strong></span> <span class='ocrx_word' id='word_1_31' title='bbox 657 684 746 746; x_wconf 86' lang='lat' dir='ltr'><strong>nullo</strong></span> <span class='ocrx_word' id='word_1_32' title='bbox 771 704 845 747; x_wconf 85' lang='lat' dir='ltr'><strong>casu</strong></span> <span class='ocrx_word' id='word_1_33' title='bbox 869 683 1054 747; x_wconf 88' lang='lat' dir='ltr'><strong>emendatur</strong></span> 
     </span>
     <span class='ocr_line' id='line_1_6' title="bbox 48 772 479 835; baseline -0.002 -1"><span class='ocrx_word' id='word_1_34' title='bbox 48 772 159 834; x_wconf 90' lang='lat' dir='ltr'><strong>uitium</strong></span> <span class='ocrx_word' id='word_1_35' title='bbox 183 772 251 835; x_wconf 86' lang='lat' dir='ltr'><strong>cius</strong></span> <span class='ocrx_word' id='word_1_36' title='bbox 275 772 479 835; x_wconf 77' lang='lat' dir='ltr'><strong>matrimonii.</strong></span> 
     </span>
    </p>

    <p class='ocr_par' dir='ltr' id='par_1_3' title="bbox 49 859 1105 2810">
     <span class='ocr_line' id='line_1_7' title="bbox 132 859 1054 943; baseline 0.001 -21"><span class='ocrx_word' id='word_1_37' title='bbox 132 859 179 924; x_wconf 84' lang='grc'><strong>76.</strong></span> <span class='ocrx_word' id='word_1_38' title='bbox 207 859 386 943; x_wconf 88' lang='lat' dir='ltr'><strong>Loquimur</strong></span> <span class='ocrx_word' id='word_1_39' title='bbox 417 863 524 924; x_wconf 87' lang='lat' dir='ltr'><strong>cutem</strong></span> <span class='ocrx_word' id='word_1_40' title='bbox 557 860 595 924; x_wconf 83' lang='lat' dir='ltr'><strong>de</strong></span> <span class='ocrx_word' id='word_1_41' title='bbox 622 860 672 924; x_wconf 86' lang='lat' dir='ltr'><strong>his</strong></span> <span class='ocrx_word' id='word_1_42' title='bbox 701 860 836 942; x_wconf 86' lang='lat' dir='ltr'><strong>scilicet,</strong></span> <span class='ocrx_word' id='word_1_43' title='bbox 865 862 946 924; x_wconf 75' lang='lat' dir='ltr'><strong>inter</strong></span> <span class='ocrx_word' id='word_1_44' title='bbox 974 881 1054 943; x_wconf 86' lang='lat' dir='ltr'><strong>quos</strong></span> 
     </span>
     <span class='ocr_line' id='line_1_8' title="bbox 50 947 1054 1032; baseline 0 -20"><span class='ocrx_word' id='word_1_45' title='bbox 50 949 219 1012; x_wconf 77' lang='lat' dir='ltr'><strong>conubium</strong></span> <span class='ocrx_word' id='word_1_46' title='bbox 250 970 316 1013; x_wconf 90' lang='lat' dir='ltr'><strong>non</strong></span> <span class='ocrx_word' id='word_1_47' title='bbox 348 950 403 1032; x_wconf 69' lang='lat' dir='ltr'><strong>sit,</strong></span> <span class='ocrx_word' id='word_1_48' title='bbox 439 971 513 1013; x_wconf 89' lang='lat' dir='ltr'><strong>nam</strong></span> <span class='ocrx_word' id='word_1_49' title='bbox 547 949 689 1031; x_wconf 90' lang='lat' dir='ltr'><strong>alioquin</strong></span> <span class='ocrx_word' id='word_1_50' title='bbox 720 950 748 1012; x_wconf 89' lang='lat' dir='ltr'><strong>si</strong></span> <span class='ocrx_word' id='word_1_51' title='bbox 780 949 858 1014; x_wconf 89' lang='lat' dir='ltr'><strong>ciuis</strong></span> <span class='ocrx_word' id='word_1_52' title='bbox 890 947 1054 1012; x_wconf 84' lang='lat' dir='ltr'><strong>Romanus</strong></span> 
     </span>
     <span class='ocr_line' id='line_1_9' title="bbox 49 1037 1055 1122; baseline 0 -21"><span class='ocrx_word' id='word_1_53' title='bbox 49 1039 254 1122; x_wconf 82' lang='lat' dir='ltr'><strong>peregrinam,</strong></span> <span class='ocrx_word' id='word_1_54' title='bbox 277 1059 351 1101; x_wconf 89' lang='lat' dir='ltr'><strong>oum</strong></span> <span class='ocrx_word' id='word_1_55' title='bbox 375 1038 485 1121; x_wconf 81' lang='lat' dir='ltr'><strong>quasi</strong></span> <span class='ocrx_word' id='word_1_56' title='bbox 504 1039 676 1102; x_wconf 78' lang='lat' dir='ltr'><strong>conubium</strong></span> <span class='ocrx_word' id='word_1_57' title='bbox 695 1041 753 1120; x_wconf 87' lang='lat' dir='ltr'><strong>est,</strong></span> <span class='ocrx_word' id='word_1_58' title='bbox 770 1059 903 1102; x_wconf 84' lang='lat' dir='ltr'><strong>uxorem</strong></span> <span class='ocrx_word' id='word_1_59' title='bbox 922 1037 1055 1120; x_wconf 85' lang='lat' dir='ltr'><strong>duxerit,</strong></span> 
     </span>
     <span class='ocr_line' id='line_1_10' title="bbox 50 1127 1055 1210; baseline 0 -21"><span class='ocrx_word' id='word_1_60' title='bbox 50 1127 127 1190; x_wconf 91' lang='lat' dir='ltr'><strong>sicut</strong></span> <span class='ocrx_word' id='word_1_61' title='bbox 150 1149 248 1209; x_wconf 85' lang='lat' dir='ltr'><strong>supra</strong></span> <span class='ocrx_word' id='word_1_62' title='bbox 271 1148 398 1210; x_wconf 89' lang='lat' dir='ltr'><strong>quoque</strong></span> <span class='ocrx_word' id='word_1_63' title='bbox 417 1127 565 1210; x_wconf 82' lang='lat' dir='ltr'><strong>diximus,</strong></span> <span class='ocrx_word' id='word_1_64' title='bbox 583 1128 704 1190; x_wconf 85' lang='lat' dir='ltr'><strong>iustum</strong></span> <span class='ocrx_word' id='word_1_65' title='bbox 723 1127 963 1192; x_wconf 83' lang='lat' dir='ltr'><strong>matrimonium</strong></span> <span class='ocrx_word' id='word_1_66' title='bbox 982 1148 1055 1190; x_wconf 89' lang='lat' dir='ltr'><strong>con-</strong></span> 
     </span>
     <span class='ocr_line' id='line_1_11' title="bbox 49 1213 1054 1298; baseline 0.001 -20"><span class='ocrx_word' id='word_1_67' title='bbox 49 1213 199 1279; x_wconf 78' lang='lat' dir='ltr'><strong>trahitur³</strong></span> <span class='ocrx_word' id='word_1_68' title='bbox 227 1219 258 1279; x_wconf 89' lang='lat' dir='ltr'><strong>et</strong></span> <span class='ocrx_word' id='word_1_69' title='bbox 285 1219 363 1279; x_wconf 89' lang='lat' dir='ltr'><strong>tunc</strong></span> <span class='ocrx_word' id='word_1_70' title='bbox 390 1237 429 1280; x_wconf 85' lang='lat' dir='ltr'><strong>ex</strong></span> <span class='ocrx_word' id='word_1_71' title='bbox 457 1216 495 1280; x_wconf 89' lang='lat' dir='ltr'><strong>iis</strong></span> <span class='ocrx_word' id='word_1_72' title='bbox 524 1216 579 1298; x_wconf 90' lang='lat' dir='ltr'><strong>qui</strong></span> <span class='ocrx_word' id='word_1_73' title='bbox 606 1217 760 1298; x_wconf 87' lang='lat' dir='ltr'><strong>nascitur,</strong></span> <span class='ocrx_word' id='word_1_74' title='bbox 789 1216 867 1280; x_wconf 88' lang='lat' dir='ltr'><strong>ciuis</strong></span> <span class='ocrx_word' id='word_1_75' title='bbox 890 1214 1054 1279; x_wconf 53' lang='lat' dir='ltr'><strong>&amp;manus</strong></span> 
     </span>
     <span class='ocr_line' id='line_1_12' title="bbox 51 1302 1055 1388; baseline 0.001 -21"><span class='ocrx_word' id='word_1_76' title='bbox 51 1309 93 1368; x_wconf 88' lang='lat' dir='ltr'><strong>est</strong></span> <span class='ocrx_word' id='word_1_77' title='bbox 116 1308 147 1368; x_wconf 88' lang='lat' dir='ltr'><strong>et</strong></span> <span class='ocrx_word' id='word_1_78' title='bbox 170 1305 205 1367; x_wconf 90' lang='lat' dir='ltr'><strong>in</strong></span> <span class='ocrx_word' id='word_1_79' title='bbox 228 1307 387 1387; x_wconf 79' lang='lat' dir='ltr'><strong>potestate</strong></span> <span class='ocrx_word' id='word_1_80' title='bbox 409 1305 509 1388; x_wconf 90' lang='lat' dir='ltr'><strong>petris</strong></span> <span class='ocrx_word' id='word_1_81' title='bbox 533 1305 600 1369; x_wconf 84' lang='lat' dir='ltr'><strong>erit.</strong></span> <span class='ocrx_word' id='word_1_82' title='bbox 647 1305 692 1369; x_wconf 81' lang='lat'><strong>77.</strong></span> <span class='ocrx_word' id='word_1_83' title='bbox 716 1302 812 1369; x_wconf 68' lang='lat' dir='ltr'><strong>Item⁴</strong></span> <span class='ocrx_word' id='word_1_84' title='bbox 835 1305 862 1368; x_wconf 89' lang='lat' dir='ltr'><strong>si</strong></span> <span class='ocrx_word' id='word_1_85' title='bbox 890 1305 969 1368; x_wconf 90' lang='lat' dir='ltr'><strong>ciuis</strong></span> <span class='ocrx_word' id='word_1_86' title='bbox 992 1303 1055 1368; x_wconf 89' lang='lat' dir='ltr'><strong>Ro-</strong></span> 
     </span>
     <span class='ocr_line' id='line_1_13' title="bbox 51 1394 1055 1478; baseline 0.002 -22"><span class='ocrx_word' id='word_1_87' title='bbox 51 1415 140 1456; x_wconf 84' lang='lat' dir='ltr'><strong>mana</strong></span> <span class='ocrx_word' id='word_1_88' title='bbox 167 1394 350 1478; x_wconf 81' lang='lat' dir='ltr'><strong>peregrino,</strong></span> <span class='ocrx_word' id='word_1_89' title='bbox 381 1415 453 1458; x_wconf 92' lang='lat' dir='ltr'><strong>cum</strong></span> <span class='ocrx_word' id='word_1_90' title='bbox 477 1415 541 1476; x_wconf 90' lang='lat' dir='ltr'><strong>quo</strong></span> <span class='ocrx_word' id='word_1_91' title='bbox 565 1395 594 1458; x_wconf 86' lang='lat' dir='ltr'><strong>ci</strong></span> <span class='ocrx_word' id='word_1_92' title='bbox 617 1394 790 1457; x_wconf 87' lang='lat' dir='ltr'><strong>conubium</strong></span> <span class='ocrx_word' id='word_1_93' title='bbox 813 1397 876 1475; x_wconf 88' lang='lat' dir='ltr'><strong>est,</strong></span> <span class='ocrx_word' id='word_1_94' title='bbox 902 1395 1055 1476; x_wconf 81' lang='lat' dir='ltr'><strong>nupserit,</strong></span> 
     </span>
     <span class='ocr_line' id='line_1_14' title="bbox 51 1480 1056 1567; baseline 0.001 -22"><span class='ocrx_word' id='word_1_95' title='bbox 51 1480 249 1567; x_wconf 81' lang='lat' dir='ltr'><strong>peregrinus⁵</strong></span> <span class='ocrx_word' id='word_1_96' title='bbox 268 1504 343 1546; x_wconf 86' lang='lat' dir='ltr'><strong>sane</strong></span> <span class='ocrx_word' id='word_1_97' title='bbox 359 1486 544 1566; x_wconf 88' lang='lat' dir='ltr'><strong>procreatur</strong></span> <span class='ocrx_word' id='word_1_98' title='bbox 563 1487 595 1547; x_wconf 85' lang='lat' dir='ltr'><strong>ct</strong></span> <span class='ocrx_word' id='word_1_99' title='bbox 613 1483 639 1545; x_wconf 90' lang='lat' dir='ltr'><strong>is</strong></span> <span class='ocrx_word' id='word_1_100' title='bbox 659 1484 761 1546; x_wconf 86' lang='lat' dir='ltr'><strong>iustus</strong></span> <span class='ocrx_word' id='word_1_101' title='bbox 780 1483 879 1566; x_wconf 90' lang='lat' dir='ltr'><strong>patris</strong></span> <span class='ocrx_word' id='word_1_102' title='bbox 894 1483 979 1546; x_wconf 87' lang='lat' dir='ltr'><strong>filius</strong></span> <span class='ocrx_word' id='word_1_103' title='bbox 999 1486 1056 1564; x_wconf 86' lang='lat' dir='ltr'><strong>est,</strong></span> 
     </span>
     <span class='ocr_line' id='line_1_15' title="bbox 50 1571 1105 1657; baseline 0.001 -24"><span class='ocrx_word' id='word_1_104' title='bbox 50 1574 209 1654; x_wconf 88' lang='lat' dir='ltr'><strong>tamquam</strong></span> <span class='ocrx_word' id='word_1_105' title='bbox 234 1572 261 1636; x_wconf 91' lang='lat' dir='ltr'><strong>si</strong></span> <span class='ocrx_word' id='word_1_106' title='bbox 279 1593 319 1635; x_wconf 82' lang='lat' dir='ltr'><strong>ex</strong></span> <span class='ocrx_word' id='word_1_107' title='bbox 336 1572 505 1657; x_wconf 81' lang='lat' dir='ltr'><strong>peregrina</strong></span> <span class='ocrx_word' id='word_1_108' title='bbox 523 1593 595 1636; x_wconf 88' lang='lat' dir='ltr'><strong>eum</strong></span> <span class='ocrx_word' id='word_1_109' title='bbox 614 1574 819 1654; x_wconf 83' lang='lat' dir='ltr'><strong>procreasset.</strong></span> <span class='ocrx_word' id='word_1_110' title='bbox 841 1571 845 1654; x_wconf 97' lang='grc' dir='ltr'>Ι</span> <span class='ocrx_word' id='word_1_111' title='bbox 865 1571 928 1634; x_wconf 91' lang='lat' dir='ltr'><strong>hoc</strong></span> <span class='ocrx_word' id='word_1_112' title='bbox 945 1573 1054 1634; x_wconf 87' lang='lat' dir='ltr'><strong>tamen</strong></span> <span class='ocrx_word' id='word_1_113' title='bbox 1072 1578 1105 1627; x_wconf 75' lang='lat'><strong>21</strong></span> 
     </span>
     <span class='ocr_line' id='line_1_16' title="bbox 51 1658 1056 1743; baseline -0.002 -19"><span class='ocrx_word' id='word_1_114' title='bbox 51 1663 188 1743; x_wconf 85' lang='lat' dir='ltr'><strong>tempore</strong></span> <span class='ocrx_word' id='word_1_115' title='bbox 220 1681 236 1724; x_wconf 87' lang='lat' dir='ltr'><strong>e</strong></span> <span class='ocrx_word' id='word_1_116' title='bbox 267 1665 395 1724; x_wconf 82' lang='lat' dir='ltr'><strong>senatus</strong></span> <span class='ocrx_word' id='word_1_117' title='bbox 424 1662 583 1743; x_wconf 91' lang='lat' dir='ltr'><strong>consulto,</strong></span> <span class='ocrx_word' id='word_1_118' title='bbox 616 1660 702 1743; x_wconf 94' lang='lat' dir='ltr'><strong>quod</strong></span> <span class='ocrx_word' id='word_1_119' title='bbox 728 1663 858 1724; x_wconf 87' lang='lat' dir='ltr'><strong>auctore</strong></span> <span class='ocrx_word' id='word_1_120' title='bbox 890 1659 964 1722; x_wconf 89' lang='lat' dir='ltr'><strong>diuo</strong></span> <span class='ocrx_word' id='word_1_121' title='bbox 991 1658 1056 1723; x_wconf 85' lang='lat' dir='ltr'><strong>Ha·</strong></span> 
     </span>
     <span class='ocr_line' id='line_1_17' title="bbox 53 1746 1056 1831; baseline 0 -19"><span class='ocrx_word' id='word_1_122' title='bbox 53 1749 154 1812; x_wconf 78' lang='lat' dir='ltr'><strong>dnano</strong></span> <span class='ocrx_word' id='word_1_123' title='bbox 188 1746 422 1813; x_wconf 71' lang='lat' dir='ltr'><strong>sacratissimo⁶</strong></span> <span class='ocrx_word' id='word_1_124' title='bbox 452 1749 574 1814; x_wconf 86' lang='lat' dir='ltr'><strong>factum</strong></span> <span class='ocrx_word' id='word_1_125' title='bbox 606 1753 668 1831; x_wconf 87' lang='lat' dir='ltr'><strong>est,</strong></span> <span class='ocrx_word' id='word_1_126' title='bbox 707 1749 832 1812; x_wconf 90' lang='lat' dir='ltr'><strong>etiamsi</strong></span> <span class='ocrx_word' id='word_1_127' title='bbox 862 1769 928 1812; x_wconf 90' lang='lat' dir='ltr'><strong>non</strong></span> <span class='ocrx_word' id='word_1_128' title='bbox 959 1747 1056 1812; x_wconf 90' lang='lat' dir='ltr'><strong>fuerit</strong></span> 
     </span>
     <span class='ocr_line' id='line_1_18' title="bbox 54 1837 1056 1922; baseline 0 -22"><span class='ocrx_word' id='word_1_129' title='bbox 54 1838 219 1902; x_wconf 91' lang='lat' dir='ltr'><strong>conubium</strong></span> <span class='ocrx_word' id='word_1_130' title='bbox 250 1838 334 1902; x_wconf 89' lang='lat' dir='ltr'><strong>inter</strong></span> <span class='ocrx_word' id='word_1_131' title='bbox 362 1838 465 1903; x_wconf 89' lang='lat' dir='ltr'><strong>ciuem</strong></span> <span class='ocrx_word' id='word_1_132' title='bbox 492 1837 671 1902; x_wconf 83' lang='lat' dir='ltr'><strong>Romanam</strong></span> <span class='ocrx_word' id='word_1_133' title='bbox 699 1841 730 1902; x_wconf 86' lang='lat' dir='ltr'><strong>et</strong></span> <span class='ocrx_word' id='word_1_134' title='bbox 757 1837 974 1922; x_wconf 73' lang='lat' dir='ltr'><strong>peragrinum,</strong></span> <span class='ocrx_word' id='word_1_135' title='bbox 1001 1837 1056 1919; x_wconf 92' lang='lat' dir='ltr'><strong>qui</strong></span> 
     </span>
     <span class='ocr_line' id='line_1_19' title="bbox 53 1923 1055 2011; baseline -0.001 -22"><span class='ocrx_word' id='word_1_136' title='bbox 53 1928 194 2010; x_wconf 84' lang='lat' dir='ltr'><strong>nascitur,</strong></span> <span class='ocrx_word' id='word_1_137' title='bbox 218 1927 321 1991; x_wconf 89' lang='lat' dir='ltr'><strong>iustus</strong></span> <span class='ocrx_word' id='word_1_138' title='bbox 344 1927 444 2011; x_wconf 86' lang='lat' dir='ltr'><strong>patris</strong></span> <span class='ocrx_word' id='word_1_139' title='bbox 468 1928 553 1991; x_wconf 89' lang='lat' dir='ltr'><strong>filius</strong></span> <span class='ocrx_word' id='word_1_140' title='bbox 573 1929 628 1990; x_wconf 88' lang='lat' dir='ltr'><strong>est.</strong></span> <span class='ocrx_word' id='word_1_141' title='bbox 650 1926 654 2009; x_wconf 99' lang='grc' dir='ltr'>Ι</span> <span class='ocrx_word' id='word_1_142' title='bbox 675 1925 720 1990; x_wconf 85' lang='grc'><strong>78.</strong></span> <span class='ocrx_word' id='word_1_143' title='bbox 741 1923 833 2001; x_wconf 82' lang='lat' dir='ltr'><strong>Quod</strong></span> <span class='ocrx_word' id='word_1_144' title='bbox 852 1929 958 1989; x_wconf 87' lang='lat' dir='ltr'><strong>autem</strong></span> <span class='ocrx_word' id='word_1_145' title='bbox 978 1925 1055 1988; x_wconf 83' lang='lat' dir='ltr'><strong>dixi-</strong></span> 
     </span>
     <span class='ocr_line' id='line_1_20' title="bbox 54 2011 1056 2100; baseline 0 -22"><span class='ocrx_word' id='word_1_146' title='bbox 54 2037 115 2079; x_wconf 89' lang='lat' dir='ltr'><strong>mus</strong></span> <span class='ocrx_word' id='word_1_147' title='bbox 138 2016 223 2080; x_wconf 88' lang='lat' dir='ltr'><strong>iutcr</strong></span> <span class='ocrx_word' id='word_1_148' title='bbox 246 2017 349 2080; x_wconf 87' lang='lat' dir='ltr'><strong>ciuem</strong></span> <span class='ocrx_word' id='word_1_149' title='bbox 368 2015 551 2080; x_wconf 82' lang='lat' dir='ltr'><strong>Romanum</strong></span> <span class='ocrx_word' id='word_1_150' title='bbox 574 2011 855 2100; x_wconf 57' lang='lat' dir='ltr'><strong>peregrinamque*</strong></span> <span class='ocrx_word' id='word_1_151' title='bbox 877 2015 943 2078; x_wconf 74' lang='lat' dir='ltr'><strong>nisi</strong></span> <span class='ocrx_word' id='word_1_152' title='bbox 961 2035 1056 2078; x_wconf 70' lang='lat' dir='ltr'><strong>cocu</strong></span> 
     </span>
     <span class='ocr_line' id='line_1_21' title="bbox 54 2101 1056 2191; baseline 0.001 -25"><span class='ocrx_word' id='word_1_153' title='bbox 54 2103 129 2168; x_wconf 71' lang='lat' dir='ltr'><strong>bum</strong></span> <span class='ocrx_word' id='word_1_154' title='bbox 150 2106 201 2184; x_wconf 73' lang='lat' dir='ltr'><strong>at,</strong></span> <span class='ocrx_word' id='word_1_155' title='bbox 224 2106 280 2186; x_wconf 78' lang='lat' dir='ltr'><strong>qui</strong></span> <span class='ocrx_word' id='word_1_156' title='bbox 299 2101 304 2191; x_wconf 99' lang='grc' dir='ltr'>Ι</span> <span class='ocrx_word' id='word_1_157' title='bbox 323 2106 473 2189; x_wconf 87' lang='lat' dir='ltr'><strong>nascitur,</strong></span> <span class='ocrx_word' id='word_1_158' title='bbox 496 2105 700 2190; x_wconf 83' lang='lat' dir='ltr'><strong>peregrinum</strong></span> <span class='ocrx_word' id='word_1_159' title='bbox 723 2125 804 2186; x_wconf 83' lang='lat' dir='ltr'><strong>esec,</strong></span> <span class='ocrx_word' id='word_1_160' title='bbox 831 2103 893 2186; x_wconf 73' lang='lat' dir='ltr'><strong>lcye</strong></span> <span class='ocrx_word' id='word_1_161' title='bbox 915 2103 1056 2168; x_wconf 73' lang='lat' dir='ltr'><strong>Minicia</strong></span> 
     </span>
     <span class='ocr_line' id='line_1_22' title="bbox 55 2191 1056 2276; baseline 0 -21"><span class='ocrx_word' id='word_1_162' title='bbox 55 2199 181 2271; x_wconf 63' lang='lat' dir='ltr'><strong>condar,</strong></span> <span class='ocrx_word' id='word_1_163' title='bbox 208 2199 244 2258; x_wconf 78' lang='lat' dir='ltr'><strong>ut</strong></span> <span class='ocrx_word' id='word_1_164' title='bbox 269 2195 299 2258; x_wconf 76' lang='lat' dir='ltr'><strong>is</strong></span> <span class='ocrx_word' id='word_1_165' title='bbox 326 2195 450 2275; x_wconf 78' lang='lat' dir='ltr'><strong>quidem</strong></span> <span class='ocrx_word' id='word_1_166' title='bbox 473 2191 650 2258; x_wconf 71' lang='lat' dir='ltr'><strong>determrts⁸</strong></span> <span class='ocrx_word' id='word_1_167' title='bbox 672 2193 813 2276; x_wconf 83' lang='lat' dir='ltr'><strong>parentis</strong></span> <span class='ocrx_word' id='word_1_168' title='bbox 836 2192 1056 2256; x_wconf 85' lang='lat' dir='ltr'><strong>condicionem</strong></span> 
     </span>
     <span class='ocr_line' id='line_1_23' title="bbox 54 2282 1057 2368; baseline 0 -22"><span class='ocrx_word' id='word_1_169' title='bbox 54 2287 200 2363; x_wconf 66' lang='lat' dir='ltr'><strong>uquam.</strong></span> <span class='ocrx_word' id='word_1_170' title='bbox 246 2283 356 2346; x_wconf 86' lang='lat' dir='ltr'><strong>eadem</strong></span> <span class='ocrx_word' id='word_1_171' title='bbox 383 2284 454 2368; x_wconf 81' lang='lat' dir='ltr'><strong>lege</strong></span> <span class='ocrx_word' id='word_1_172' title='bbox 484 2288 586 2347; x_wconf 81' lang='lat' dir='ltr'><strong>actem</strong></span> <span class='ocrx_word' id='word_1_173' title='bbox 619 2304 658 2346; x_wconf 85' lang='lat' dir='ltr'><strong>ex</strong></span> <span class='ocrx_word' id='word_1_174' title='bbox 690 2282 815 2345; x_wconf 84' lang='lat' dir='ltr'><strong>diuerso</strong></span> <span class='ocrx_word' id='word_1_175' title='bbox 848 2286 991 2364; x_wconf 85' lang='lat' dir='ltr'><strong>cauetur,</strong></span> <span class='ocrx_word' id='word_1_176' title='bbox 1022 2287 1057 2345; x_wconf 76' lang='lat' dir='ltr'><strong>ct</strong></span> 
     </span>
     <span class='ocr_line' id='line_1_24' title="bbox 55 2367 1059 2457; baseline 0.002 -25"><span class='ocrx_word' id='word_1_177' title='bbox 55 2370 78 2432; x_wconf 86' lang='lat' dir='ltr'><strong>si</strong></span> <span class='ocrx_word' id='word_1_178' title='bbox 96 2371 291 2457; x_wconf 82' lang='lat' dir='ltr'><strong>peregrinus,</strong></span> <span class='ocrx_word' id='word_1_179' title='bbox 314 2368 407 2457; x_wconf 75' lang='grc'>1111111</span> <span class='ocrx_word' id='word_1_180' title='bbox 429 2393 491 2454; x_wconf 85' lang='lat' dir='ltr'><strong>qua</strong></span> <span class='ocrx_word' id='word_1_181' title='bbox 514 2372 543 2435; x_wconf 85' lang='lat' dir='ltr'><strong>ei</strong></span> <span class='ocrx_word' id='word_1_182' title='bbox 566 2371 739 2435; x_wconf 90' lang='lat' dir='ltr'><strong>conubium</strong></span> <span class='ocrx_word' id='word_1_183' title='bbox 761 2391 828 2434; x_wconf 89' lang='lat' dir='ltr'><strong>non</strong></span> <span class='ocrx_word' id='word_1_184' title='bbox 850 2371 901 2453; x_wconf 92' lang='lat' dir='ltr'><strong>sit,</strong></span> <span class='ocrx_word' id='word_1_185' title='bbox 923 2367 1059 2434; x_wconf 85' lang='lat' dir='ltr'><strong>uxorem</strong></span> 
     </span>
     <span class='ocr_line' id='line_1_25' title="bbox 55 2459 1055 2545; baseline -0.001 -22"><span class='ocrx_word' id='word_1_186' title='bbox 55 2459 170 2524; x_wconf 67' lang='lat' dir='ltr'><strong>docuit</strong></span> <span class='ocrx_word' id='word_1_187' title='bbox 182 2461 281 2524; x_wconf 78' lang='lat' dir='ltr'><strong>ciuem</strong></span> <span class='ocrx_word' id='word_1_188' title='bbox 292 2460 481 2543; x_wconf 64' lang='lat' dir='ltr'><strong>Romanum,</strong></span> <span class='ocrx_word' id='word_1_189' title='bbox 495 2461 680 2545; x_wconf 82' lang='lat' dir='ltr'><strong>peregrinus</strong></span> <span class='ocrx_word' id='word_1_190' title='bbox 695 2481 786 2523; x_wconf 86' lang='lat' dir='ltr'><strong>exeo</strong></span> <span class='ocrx_word' id='word_1_191' title='bbox 801 2459 888 2524; x_wconf 91' lang='lat' dir='ltr'><strong>coitu</strong></span> <span class='ocrx_word' id='word_1_192' title='bbox 898 2463 1055 2524; x_wconf 86' lang='lat' dir='ltr'><strong>nascatur.</strong></span> 
     </span>
     <span class='ocr_line' id='line_1_26' title="bbox 54 2547 1056 2628; baseline 0.001 -18"><span class='ocrx_word' id='word_1_193' title='bbox 54 2549 101 2612; x_wconf 82' lang='lat' dir='ltr'><strong>scd</strong></span> <span class='ocrx_word' id='word_1_194' title='bbox 122 2549 186 2613; x_wconf 92' lang='lat' dir='ltr'><strong>hoc</strong></span> <span class='ocrx_word' id='word_1_195' title='bbox 209 2549 347 2612; x_wconf 84' lang='lat' dir='ltr'><strong>maxime</strong></span> <span class='ocrx_word' id='word_1_196' title='bbox 370 2571 446 2614; x_wconf 75' lang='lat' dir='ltr'><strong>casu</strong></span> <span class='ocrx_word' id='word_1_197' title='bbox 463 2550 640 2614; x_wconf 85' lang='lat' dir='ltr'><strong>neccssaria</strong></span> <span class='ocrx_word' id='word_1_198' title='bbox 661 2549 714 2612; x_wconf 86' lang='lat' dir='ltr'><strong>lex</strong></span> <span class='ocrx_word' id='word_1_199' title='bbox 732 2547 863 2612; x_wconf 87' lang='lat' dir='ltr'><strong>Minicia</strong></span> <span class='ocrx_word' id='word_1_200' title='bbox 878 2548 957 2628; x_wconf 79' lang='lat' dir='ltr'><strong>fcit;</strong></span> <span class='ocrx_word' id='word_1_201' title='bbox 980 2570 1056 2611; x_wconf 91' lang='lat' dir='ltr'><strong>nam</strong></span> 
     </span>
     <span class='ocr_line' id='line_1_27' title="bbox 54 2637 1055 2723; baseline 0 -23"><span class='ocrx_word' id='word_1_202' title='bbox 54 2641 169 2702; x_wconf 88' lang='lat' dir='ltr'><strong>remota</strong></span> <span class='ocrx_word' id='word_1_203' title='bbox 198 2659 236 2701; x_wconf 87' lang='lat' dir='ltr'><strong>ca</strong></span> <span class='ocrx_word' id='word_1_204' title='bbox 265 2639 336 2723; x_wconf 85' lang='lat' dir='ltr'><strong>lege</strong></span> <span class='ocrx_word' id='word_1_205' title='bbox 366 2639 524 2702; x_wconf 89' lang='lat' dir='ltr'><strong>diuersam</strong></span> <span class='ocrx_word' id='word_1_206' title='bbox 555 2637 774 2701; x_wconf 89' lang='lat' dir='ltr'><strong>condicionem</strong></span> <span class='ocrx_word' id='word_1_207' title='bbox 803 2638 893 2719; x_wconf 84' lang='lat' dir='ltr'><strong>sequi</strong></span> <span class='ocrx_word' id='word_1_208' title='bbox 920 2637 1055 2714; x_wconf 81' lang='lat' dir='ltr'><strong>debebat,</strong></span> 
     </span>
     <span class='ocr_line' id='line_1_28' title="bbox 55 2725 1056 2810; baseline -0.001 -21"><span class='ocrx_word' id='word_1_209' title='bbox 55 2727 122 2806; x_wconf 77' lang='lat' dir='ltr'><strong>quta</strong></span> <span class='ocrx_word' id='word_1_210' title='bbox 149 2747 188 2790; x_wconf 84' lang='lat' dir='ltr'><strong>ex</strong></span> <span class='ocrx_word' id='word_1_211' title='bbox 211 2726 271 2809; x_wconf 87' lang='lat' dir='ltr'><strong>eis,</strong></span> <span class='ocrx_word' id='word_1_212' title='bbox 294 2727 377 2791; x_wconf 88' lang='lat' dir='ltr'><strong>inter</strong></span> <span class='ocrx_word' id='word_1_213' title='bbox 400 2748 480 2810; x_wconf 90' lang='lat' dir='ltr'><strong>quos</strong></span> <span class='ocrx_word' id='word_1_214' title='bbox 503 2747 569 2790; x_wconf 88' lang='lat' dir='ltr'><strong>non</strong></span> <span class='ocrx_word' id='word_1_215' title='bbox 592 2728 640 2789; x_wconf 88' lang='lat' dir='ltr'><strong>est</strong></span> <span class='ocrx_word' id='word_1_216' title='bbox 663 2725 849 2808; x_wconf 85' lang='lat' dir='ltr'><strong>conubium,</strong></span> <span class='ocrx_word' id='word_1_217' title='bbox 878 2727 933 2808; x_wconf 92' lang='lat' dir='ltr'><strong>qui</strong></span> <span class='ocrx_word' id='word_1_218' title='bbox 955 2726 1056 2790; x_wconf 87' lang='lat' dir='ltr'><strong>nasci·</strong></span> 
     </span>
    </p>
   </div>
   <div class='ocr_carea' id='block_1_3' title="bbox 55 2933 1056 3290">
    <p class='ocr_par' dir='ltr' id='par_1_4' title="bbox 55 2933 1056 3290">
     <span class='ocr_line' id='line_1_29' title="bbox 119 2933 1054 3006; baseline 0.001 -18"><span class='ocrx_word' id='word_1_219' title='bbox 119 2937 144 3003; x_wconf 89' lang='lat'><strong>1)</strong></span> <span class='ocrx_word' id='word_1_220' title='bbox 168 2936 282 2990; x_wconf 84' lang='lat' dir='ltr'><strong>senatus</strong></span> <span class='ocrx_word' id='word_1_221' title='bbox 305 2935 433 2990; x_wconf 83' lang='lat' dir='ltr'><strong>consulto</strong></span> <span class='ocrx_word' id='word_1_222' title='bbox 453 2936 593 3006; x_wconf 56' lang='lat' dir='ltr'><strong>Kromon</strong></span> <span class='ocrx_word' id='word_1_223' title='bbox 611 2933 664 2989; x_wconf 90' lang='lat' dir='ltr'><strong>cV.</strong></span> <span class='ocrx_word' id='word_1_224' title='bbox 774 2937 799 3004; x_wconf 74' lang='lat'><strong>2)</strong></span> <span class='ocrx_word' id='word_1_225' title='bbox 818 2933 871 2988; x_wconf 92' lang='lat' dir='ltr'><strong>lV.</strong></span> <span class='ocrx_word' id='word_1_226' title='bbox 897 2935 938 3001; x_wconf 81' lang='lat' dir='ltr'><strong>Of.</strong></span> <span class='ocrx_word' id='word_1_227' title='bbox 962 2951 1054 3005; x_wconf 68' lang='lat' dir='ltr'><strong>apuys.</strong></span> 
     </span>
     <span class='ocr_line' id='line_1_30' title="bbox 55 3005 1054 3076; baseline -0.002 -16"><span class='ocrx_word' id='word_1_228' title='bbox 55 3022 78 3073; x_wconf 87' lang='lat' dir='ltr'><strong>p.</strong></span> <span class='ocrx_word' id='word_1_229' title='bbox 92 3009 142 3061; x_wconf 86' lang='lat'><strong>300</strong></span> <span class='ocrx_word' id='word_1_230' title='bbox 160 3007 176 3060; x_wconf 86' lang='lat' dir='ltr'><strong>l.</strong></span> <span class='ocrx_word' id='word_1_231' title='bbox 191 3011 235 3060; x_wconf 86' lang='lat'><strong>16.</strong></span> <span class='ocrx_word' id='word_1_232' title='bbox 314 3009 340 3076; x_wconf 80' lang='lat'><strong>3)</strong></span> <span class='ocrx_word' id='word_1_233' title='bbox 360 3006 533 3060; x_wconf 87' lang='lat' dir='ltr'><strong>contrahitur</strong></span> <span class='ocrx_word' id='word_1_234' title='bbox 552 3007 685 3076; x_wconf 66' lang='lat' dir='ltr'><strong>Karena,</strong></span> <span class='ocrx_word' id='word_1_235' title='bbox 703 3007 857 3073; x_wconf 60' lang='lat' dir='ltr'><strong>Polemon</strong></span> <span class='ocrx_word' id='word_1_236' title='bbox 876 3006 1004 3060; x_wconf 85' lang='lat' dir='ltr'><strong>contrahi</strong></span> <span class='ocrx_word' id='word_1_237' title='bbox 1021 3005 1054 3058; x_wconf 91' lang='lat' dir='ltr'><strong>V.</strong></span> 
     </span>
     <span class='ocr_line' id='line_1_31' title="bbox 59 3077 1056 3148; baseline 0.002 -20"><span class='ocrx_word' id='word_1_238' title='bbox 59 3079 81 3143; x_wconf 78' lang='lat'><strong>4)</strong></span> <span class='ocrx_word' id='word_1_239' title='bbox 99 3078 210 3146; x_wconf 77' lang='lat' dir='ltr'><strong>itaque?</strong></span> <span class='ocrx_word' id='word_1_240' title='bbox 233 3077 267 3132; x_wconf 87' lang='lat' dir='ltr'><strong>V.</strong></span> <span class='ocrx_word' id='word_1_241' title='bbox 350 3081 376 3146; x_wconf 79' lang='grc' dir='ltr'><strong>ὅ)</strong></span> <span class='ocrx_word' id='word_1_242' title='bbox 399 3078 527 3147; x_wconf 85' lang='lat' dir='ltr'><strong>nupserit</strong></span> <span class='ocrx_word' id='word_1_243' title='bbox 544 3077 708 3148; x_wconf 74' lang='lat' dir='ltr'><strong>peregrinus</strong></span> <span class='ocrx_word' id='word_1_244' title='bbox 743 3077 890 3147; x_wconf 73' lang='lat' dir='ltr'><strong>nupserit!</strong></span> <span class='ocrx_word' id='word_1_245' title='bbox 907 3077 961 3131; x_wconf 85' lang='lat' dir='ltr'><strong>erit</strong></span> <span class='ocrx_word' id='word_1_246' title='bbox 977 3093 1056 3146; x_wconf 85' lang='lat' dir='ltr'><strong>perc-</strong></span> 
     </span>
     <span class='ocr_line' id='line_1_32' title="bbox 61 3147 1056 3218; baseline 0 -16"><span class='ocrx_word' id='word_1_247' title='bbox 61 3148 158 3214; x_wconf 79' lang='lat' dir='ltr'><strong>grinum</strong></span> <span class='ocrx_word' id='word_1_248' title='bbox 171 3148 204 3202; x_wconf 89' lang='lat' dir='ltr'><strong>V.</strong></span> <span class='ocrx_word' id='word_1_249' title='bbox 256 3151 283 3218; x_wconf 83' lang='lat'><strong>6)</strong></span> <span class='ocrx_word' id='word_1_250' title='bbox 297 3147 434 3202; x_wconf 81' lang='lat' dir='ltr'><strong>hadriano</strong></span> <span class='ocrx_word' id='word_1_251' title='bbox 449 3147 505 3203; x_wconf 77' lang='lat' dir='ltr'><strong>s&#39;V.</strong></span> <span class='ocrx_word' id='word_1_252' title='bbox 520 3150 554 3215; x_wconf 77' lang='lat' dir='ltr'><strong>cf.</strong></span> <span class='ocrx_word' id='word_1_253' title='bbox 570 3147 598 3202; x_wconf 85' lang='lat' dir='ltr'><strong>O.</strong></span> <span class='ocrx_word' id='word_1_254' title='bbox 608 3149 628 3202; x_wconf 83' lang='grc' dir='ltr'><strong>Ι,</strong></span> <span class='ocrx_word' id='word_1_255' title='bbox 639 3148 668 3202; x_wconf 79' lang='grc'>[1.</span> <span class='ocrx_word' id='word_1_256' title='bbox 733 3153 886 3203; x_wconf 70' lang='grc'>4411833.</span> <span class='ocrx_word' id='word_1_257' title='bbox 938 3150 963 3216; x_wconf 81' lang='grc'><strong>7)</strong></span> <span class='ocrx_word' id='word_1_258' title='bbox 977 3164 1056 3216; x_wconf 87' lang='lat' dir='ltr'><strong>pere-</strong></span> 
     </span>
     <span class='ocr_line' id='line_1_33' title="bbox 62 3218 1054 3290; baseline 0 -18"><span class='ocrx_word' id='word_1_259' title='bbox 62 3218 200 3287; x_wconf 79' lang='lat' dir='ltr'><strong>griuuque?</strong></span> <span class='ocrx_word' id='word_1_260' title='bbox 214 3219 247 3274; x_wconf 96' lang='lat' dir='ltr'><strong>V.</strong></span> <span class='ocrx_word' id='word_1_261' title='bbox 285 3223 312 3289; x_wconf 84' lang='lat'><strong>8)</strong></span> <span class='ocrx_word' id='word_1_262' title='bbox 328 3220 370 3286; x_wconf 82' lang='lat' dir='ltr'><strong>Of.</strong></span> <span class='ocrx_word' id='word_1_263' title='bbox 384 3221 473 3289; x_wconf 77' lang='lat' dir='ltr'><strong>suppl.</strong></span> <span class='ocrx_word' id='word_1_264' title='bbox 488 3237 591 3290; x_wconf 64' lang='lat' dir='ltr'><strong>apogr,</strong></span> <span class='ocrx_word' id='word_1_265' title='bbox 604 3221 684 3274; x_wconf 77' lang='lat' dir='ltr'><strong>cuiue</strong></span> <span class='ocrx_word' id='word_1_266' title='bbox 703 3221 778 3275; x_wconf 82' lang='lat' dir='ltr'><strong>lectio</strong></span> <span class='ocrx_word' id='word_1_267' title='bbox 796 3219 874 3274; x_wconf 80' lang='lat' dir='ltr'><strong>valde</strong></span> <span class='ocrx_word' id='word_1_268' title='bbox 892 3221 997 3274; x_wconf 73' lang='lat' dir='ltr'><strong>incerta</strong></span> <span class='ocrx_word' id='word_1_269' title='bbox 1009 3226 1054 3275; x_wconf 77' lang='lat' dir='ltr'><strong>cst.</strong></span> 
     </span>
    </p>
   </div>
   <div class='ocr_carea' id='block_1_4' title="bbox 64 3337 261 3348">
    <p class='ocr_par' dir='ltr' id='par_1_5' title="bbox 64 3337 261 3348">
     <span class='ocr_line' id='line_1_34' title="bbox 64 3337 261 3348; baseline 0.01 -2"><span class='ocrx_word' id='word_1_270' title='bbox 64 3337 261 3348; x_wconf 38' lang='grc' dir='ltr'><strong>ᾖ...</strong></span> 
     </span>
    </p>
   </div>
   <div class='ocr_carea' id='block_1_5' title="bbox 149 3415 1054 3700">
    <p class='ocr_par' dir='ltr' id='par_1_6' title="bbox 149 3415 458 3484">
     <span class='ocr_line' id='line_1_35' title="bbox 149 3415 458 3484; baseline 0.003 -16"><span class='ocrx_word' id='word_1_271' title='bbox 149 3421 189 3469; x_wconf 70' lang='lat' dir='ltr'><strong>tc.</strong></span> <span class='ocrx_word' id='word_1_272' title='bbox 210 3415 252 3482; x_wconf 84' lang='lat' dir='ltr'><strong>Cf.</strong></span> <span class='ocrx_word' id='word_1_273' title='bbox 271 3432 358 3484; x_wconf 77' lang='lat' dir='ltr'><strong>supra</strong></span> <span class='ocrx_word' id='word_1_274' title='bbox 377 3422 401 3482; x_wconf 85' lang='lat'><strong>1,</strong></span> <span class='ocrx_word' id='word_1_275' title='bbox 417 3420 458 3469; x_wconf 78' lang='lat' dir='ltr'><strong>tc.</strong></span> 
     </span>
    </p>

    <p class='ocr_par' dir='ltr' id='par_1_7' title="bbox 149 3486 1019 3555">
     <span class='ocr_line' id='line_1_36' title="bbox 149 3486 1019 3555; baseline 0.001 -16"><span class='ocrx_word' id='word_1_276' title='bbox 149 3491 188 3540; x_wconf 79' lang='grc'><strong>11.</strong></span> <span class='ocrx_word' id='word_1_277' title='bbox 210 3487 450 3554; x_wconf 64' lang='grc'>0111111111.</span> <span class='ocrx_word' id='word_1_278' title='bbox 479 3486 1019 3555; x_wconf 70' lang='grc'>111.11,1,1.11,11,11.11,11,1.</span> 
     </span>
    </p>

    <p class='ocr_par' dir='ltr' id='par_1_8' title="bbox 150 3556 1054 3700">
     <span class='ocr_line' id='line_1_37' title="bbox 150 3556 1054 3700; baseline 0.002 -90"><span class='ocrx_word' id='word_1_279' title='bbox 150 3558 458 3700; x_wconf 43' lang='grc' dir='ltr'>1114071111ΙΙΙ11391ΙΙ11.</span> <span class='ocrx_word' id='word_1_280' title='bbox 496 3556 557 3626; x_wconf 74' lang='lat' dir='ltr'><strong>Utp.</strong></span> <span class='ocrx_word' id='word_1_281' title='bbox 578 3562 602 3624; x_wconf 84' lang='grc'>1,</span> <span class='ocrx_word' id='word_1_282' title='bbox 617 3561 641 3610; x_wconf 83' lang='lat' dir='ltr'><strong>c.</strong></span> <span class='ocrx_word' id='word_1_283' title='bbox 679 3557 717 3611; x_wconf 83' lang='grc'>1).</span> <span class='ocrx_word' id='word_1_284' title='bbox 738 3562 762 3625; x_wconf 88' lang='grc'>1,</span> <span class='ocrx_word' id='word_1_285' title='bbox 777 3563 801 3626; x_wconf 80' lang='lat' dir='ltr'><strong>s,</strong></span> <span class='ocrx_word' id='word_1_286' title='bbox 817 3563 851 3613; x_wconf 83' lang='grc'><strong>11</strong></span> <span class='ocrx_word' id='word_1_287' title='bbox 869 3559 947 3629; x_wconf 68' lang='lat' dir='ltr'><strong>(Uip.</strong></span> <span class='ocrx_word' id='word_1_288' title='bbox 966 3560 1054 3629; x_wconf 79' lang='lat' dir='ltr'><strong>neca).</strong></span> 
     </span>
     <span class='ocr_line' id='line_1_38' title="bbox 197 3670 418 3696; baseline 0 0"><span class='ocrx_word' id='word_1_289' title='bbox 197 3671 203 3696; x_wconf 63' lang='grc' dir='ltr'><strong><em>ἲ</em></strong></span> <span class='ocrx_word' id='word_1_290' title='bbox 236 3670 244 3696; x_wconf 76' lang='grc'><em>9</em></span> <span class='ocrx_word' id='word_1_291' title='bbox 325 3674 330 3684; x_wconf 89' lang='grc'>·</span> <span class='ocrx_word' id='word_1_292' title='bbox 414 3672 418 3682; x_wconf 84' lang='grc'><strong><em>’</em></strong></span> 
     </span>
    </p>
   </div>
   <div class='ocr_carea' id='block_1_6' title="bbox 104 3421 145 3682">
    <p class='ocr_par' dir='ltr' id='par_1_9' title="bbox 104 3421 145 3682">
     <span class='ocr_line' id='line_1_39' title="bbox 121 3421 135 3480; baseline 0 0"><span class='ocrx_word' id='word_1_293' title='bbox 121 3421 135 3480; x_wconf 75' lang='lat' dir='ltr'><strong>t</strong></span> 
     </span>
     <span class='ocr_line' id='line_1_40' title="bbox 122 3492 135 3552; baseline 0 0"><span class='ocrx_word' id='word_1_294' title='bbox 122 3492 135 3552; x_wconf 75' lang='lat' dir='ltr'><strong>t</strong></span> 
     </span>
     <span class='ocr_line' id='line_1_41' title="bbox 122 3563 135 3622; baseline 0 0"><span class='ocrx_word' id='word_1_295' title='bbox 122 3563 135 3622; x_wconf 71' lang='lat' dir='ltr'><strong>t</strong></span> 
     </span>
     <span class='ocr_line' id='line_1_42' title="bbox 104 3627 145 3682; baseline 0 0"><span class='ocrx_word' id='word_1_296' title='bbox 104 3627 145 3682; x_wconf 75' lang='lat' dir='ltr'><strong>tu</strong></span> 
     </span>
    </p>
   </div>
   <div class='ocr_carea' id='block_1_7' title="bbox 68 3623 90 3678">
    <p class='ocr_par' dir='ltr' id='par_1_10' title="bbox 68 3623 90 3678">
     <span class='ocr_line' id='line_1_43' title="bbox 68 3623 90 3678; baseline 0.045 -1"><span class='ocrx_word' id='word_1_297' title='bbox 68 3623 90 3678; x_wconf 81' lang='lat'><strong>0.</strong></span> 
     </span>
    </p>
   </div>
   <div class='ocr_carea' id='block_1_8' title="bbox 0 0 1291 4082">
    <p class='ocr_par' dir='ltr' id='par_1_11' title="bbox 0 0 1291 4082">
     <span class='ocr_line' id='line_1_44' title="bbox 0 0 1291 4082; baseline 0 0"><span class='ocrx_word' id='word_1_298' title='bbox 0 0 1291 4082; x_wconf 95' lang='lat' dir='ltr'><strong> </strong></span> 
     </span>
    </p>
   </div>
  </div>
 </body>
</html>
