2552 4082
208 244 260 298 AD
280 243 893 308 GAIVMPRAEFAT.HVSCHKHED.1,
993 243 1058 298 XXI

49 416 136 473 totius
160 415 258 490 operis
283 409 333 473 ‘ad
356 413 485 473 edictum
508 410 665 487 urbicum’,
688 433 723 472 ex
747 432 806 489 quo
829 417 960 489 separati
983 417 1059 474 acei-

48 497 230 579 piebantur.1
279 501 365 572 Quod
393 502 585 563 confirmatur
606 503 718 579 partim
740 505 791 577 iis,
819 521 894 577 quae
917 505 981 579 ipse
1004 505 1059 562 im·

47 596 165 668 perator
191 595 285 652 const.
310 594 359 652 eit.
378 590 437 668 §4
465 592 501 652 de
524 592 718 669 Digestorum
745 591 830 650 libris
857 592 1058 670 singularibus

47 680 150 756 tradit,
178 683 292 758 partim
318 680 415 742 indice
442 681 586 740 librorum
615 683 645 740 et
671 681 831 740 titulorum
859 680 1059 758 Digestorum,

47 790 130 845 quem
155 771 284 846 scriptor
306 770 525 830 Pandectarum
543 770 791 844 Florentinarum
814 769 980 830 Iustinianc
999 790 1059 830 non

45 859 171 918 multum
194 859 332 934 inferior,
359 858 516 920 Pandectis
544 859 713 936 praemisit3
740 860 772 917 in
795 877 829 918 eo
853 859 931 922 enim
955 863 1059 936 aperta

45 948 187 1007 librorum
220 947 258 1006 ad
291 949 435 1023 edictum,
472 968 506 1007 ex
539 947 645 1023 quibus
678 949 767 1006 antea
798 948 844 1006 ius
882 947 1060 1024 discebatur,

45 1029 238 1112 imitatione&
261 1040 470 1114 praeterquam
498 1037 577 1114 quod
605 1055 705 1096 omnes
729 1037 920 1114 Digestorum
947 1037 1017 1096 libri
1040 1057 1059 1096 a

45 1128 139 1201 primo
164 1125 203 1184 ad
227 1127 503 1204 quinquagesimum
523 1128 727 1199 numerantur,
749 1129 818 1201 post
840 1127 968 1202 primam
991 1145 1060 1203 par·

45 1219 115 1290 tem,
149 1235 227 1291 quae
259 1217 350 1274 etiam
383 1219 472 1275 antea
503 1215 595 1274 libros
628 1215 793 1292 singulares
825 1234 885 1274 non
921 1216 1060 1290 habebat,

46 1305 166 1362 seorsim
198 1307 393 1364 numerantur
424 1307 538 1380 septem
568 1304 639 1362 libri
671 1305 837 1380 singulares
869 1304 905 1362 de
941 1305 1059 1364 iudiciis

47 1385 193 1474 (5—11),
217 1396 283 1452 octo
307 1393 343 1454 de
366 1384 652 1474 rebus(12-19),
681 1393 878 1470 singularium
901 1393 977 1453 liber
1000 1396 1059 1470 pri-

46 1503 107 1542 mus
130 1501 227 1558 usque
246 1483 285 1542 ad
303 1482 450 1542 decimum
469 1473 640 1564 (ao-29),
663 1485 778 1558 septem
800 1482 870 1540 libri
893 1483 1060 1560 singulares

46 1571 78 1630 de
105 1573 217 1649 legatis
245 1574 276 1629 et
302 1571 536 1631 fideicommissis
565 1563 740 1652 (30-36),
768 1570 826 1630 duo
854 1571 890 1629 de
912 1571 1060 1630 bonorum

46 1659 280 1735 possessionibus
309 1653 376 1742 (37.
405 1653 475 1742 38):
508 1659 676 1735 similiaque
702 1661 851 1720 inveneris
877 1661 909 1718 in
941 1662 1059 1737 seriptis

47 1749 209 1824 Thalelaei,
233 1748 379 1826 Stephani
406 1751 629 1824 ceterorumque
657 1767 832 1808 coaevorum
859 1748 1060 1826 iurispruden-

47 1839 128 1916 tium,
154 1857 281 1914 quorum
303 1839 370 1898 loca
389 1838 509 1916 collegit
527 1837 645 1898 Reizius
665 1838 703 1896 ad
722 1837 852 1913 Theoph.
876 1837 906 1896 H
924 1857 952 1914 p.
974 1840 1059 1897 1237

47 1946 101 2002 seq.
151 1926 210 1985 Sed
242 1929 272 1986 et
303 1928 363 2003 ipsi
392 1929 534 2004 quattuor
560 1926 631 1985 libri
658 1927 836 2004 singulares,
869 1946 943 2002 quos
971 1927 1060 1985 Iusti·

48 2017 150 2076 nianus
173 2016 276 2092 palam
300 2015 375 2076 Gaio
398 2016 506 2075 tribuit
528 2035 661 2092 quosque
684 2017 757 2074 olim
779 2018 876 2091 primo
896 2035 973 2074 anno
992 2018 1062 2091 post

47 2105 252 2164 Institutiones
280 2123 315 2163 ex
338 2105 434 2165 edicto
457 2105 586 2164 traditos
610 2123 672 2163 esse
694 2108 853 2180 memorat,
882 2106 1062 2164 conveniunt

48 2213 109 2252 oum
142 2194 345 2272 singularibus
374 2194 442 2254 Gaii
468 2195 554 2253 libris
587 2195 626 2252 ad
654 2193 783 2253 edictum
810 2193 958 2270 urbicum,
991 2197 1062 2254 sunt

49 2285 122 2340 enirn
150 2283 187 2340 de
214 2302 246 2341 re
274 2283 380 2342 uxoria
408 2275 456 2364 (=
469 2279 643 2342 ‘dotalicion
671 2283 788 2360 βιβλίον
810 2279 858 2344 ἕν’
887 2283 948 2342 ind.
972 2283 1061 2358 Flor,

47 2372 113 2430 licet
139 2371 184 2430 ibi
210 2391 271 2430 non
299 2373 416 2432 dicatur
442 2372 534 2432 fuisse
562 2391 597 2430 ex
624 2372 709 2431 libris
738 2373 776 2430 ad
805 2372 947 2446 edietum,
980 2372 1061 2448 quod

47 2461 130 2519 facile
153 2463 187 2518 in
210 2460 390 2520 oblivionem
413 2463 515 2520 venire
533 2461 646 2536 potuit3
669 2461 720 2520 sed
739 2459 831 2520 Gaius
853 2461 965 2520 idcirco
983 2461 1061 2521 hanc

48 2551 201 2608 materiam
232 2551 264 2608 in
296 2550 369 2610 Inst.
401 2541 582 2631 praeteriit),
614 2550 650 2608 de
681 2549 785 2610 tutelis
822 2543 961 2631 (allegati
994 2548 1060 2609 Gai.

116 2775 141 2843 1)
159 2772 202 2827 De
231 2773 350 2828 aliorum
373 2772 554 2843 opinionibus
579 2772 613 2826 oi.
637 2772 714 2826 Bach
737 2773 803 2827 hist.
822 2772 933 2840 iurispr.
952 2771 990 2824 111
1005 2778 1061 2840 ab

49 2850 116 2910 §14-
136 2845 172 2898 de
186 2844 295 2913 Weyhc
314 2843 397 2899 edict.
412 2847 519 2914 perpet.
539 2862 566 2913 p.
582 2848 625 2897 8⁷.
653 2843 735 2898 Hube
755 2844 798 2898 cd.
814 2843 874 2898 Gai.
889 2843 955 2896 Inst.
970 2842 1060 2912 praef.

50 2934 75 2984 p.
89 2915 173 2970 XVII.
247 2918 274 2985 2)
292 2915 357 2969 Non
381 2930 414 2970 ex
437 2915 501 2986 ipsa
524 2932 553 2969 re
571 2916 692 2984 petitam
709 2931 762 2968 nec
779 2914 929 2968 Iustiniani
949 2913 1062 2968 demum

49 3003 111 3040 aevo
138 2987 283 3042 inventam
311 3002 371 3040 esse
394 2987 468 3041 hanc
490 2985 662 3056 peculiarem
684 2985 819 3040 librorum
837 2985 1061 3039 numerationem

49 3060 155 3128 praeter
174 3057 231 3112 alia
250 3057 295 3127 (of.
311 3075 338 3127 p.
353 3057 418 3110 XIX
436 3060 492 3112 not.
509 3061 535 3128 3)
555 3059 720 3128 argumento
737 3059 788 3126 est,
807 3057 883 3126 quod
896 3056 962 3110 libri
981 3057 1062 3110 terri-

49 3129 114 3183 biles
132 3135 166 3182 47
183 3131 211 3183 et
225 3134 259 3183 48
278 3146 335 3182 non
354 3128 535 3199 appellantur
551 3129 715 3198 singulares.
752 3128 864 3182 Desinit
881 3128 952 3182 haec
965 3144 1059 3181 nume-

48 3201 115 3254 ratio
133 3201 165 3254 in
182 3199 264 3254 libris
283 3205 325 3254 37.
346 3205 380 3255 38
402 3200 522 3254 fortasse
545 3199 622 3268 ideo,
647 3200 723 3268 quod
745 3202 774 3254 et
792 3200 822 3252 in
841 3198 905 3252 Gaii
923 3197 1003 3252 libris
1024 3199 1061 3252 ad

50 3273 167 3326 edictum
186 3271 304 3326 extremi
326 3271 393 3326 libri
416 3271 573 3342 singulares
598 3273 679 3325 erant
701 3271 736 3325 de
754 3271 890 3324 bonorum
908 3270 1061 3338 possessio-

49 3343 136 3410 nibus,
154 3360 225 3412 quos
245 3342 353 3414 allegat
367 3348 392 3410 3,
408 3349 449 3397 33.
479 3342 608 3397 Ceterum
620 3342 687 3396 hine
702 3342 789 3396 etiam
802 3358 875 3395 nova
888 3341 937 3394 lux
951 3340 1061 3395 affimdi

50 3415 154 3468 videtur
172 3413 342 3482 quaestioni,
364 3431 413 3468 cur
431 3414 612 3484 sequentibus
632 3413 735 3468 seculis
753 3413 862 3467 medius
881 3412 1061 3482 Digestorum

49 3486 139 3553 triens,
158 3485 207 3552 qui
227 3484 388 3555 appellatur
404 3485 593 3553 infortiatum,
611 3485 688 3539 ultra
707 3484 835 3554 quintam
854 3487 972 3554 partem,
991 3500 1060 3552 qua-

50 3559 125 3610 tenus
143 3555 210 3610 libri
229 3555 387 3626 singulares
403 3573 436 3612 ex
451 3557 600 3610 iustiniani
614 3559 765 3626 praecepto
784 3555 974 3626 pertinebant,
986 3554 1060 3618 libro

51 3634 79 3682 37
98 3630 126 3682 ct
143 3633 178 3682 38
197 3630 282 3682 aucta
301 3627 346 3681 sit.
