2552 4082
216 243 267 298 XX
379 243 427 296 AD
448 241 566 296 GAIVM
584 239 759 296 Panassa.
779 239 951 296 Hvscfflffl
969 237 1025 295 ΕΙ).
1040 240 1061 294 Ι.

214 411 259 472 los
281 413 387 472 titulos
410 427 465 487 pro
488 429 519 469 re
543 409 629 469 modo
652 411 808 488 utriusque
832 409 921 469 edicti
944 411 1117 469 coniunctos
1141 409 1236 468 modo

214 503 368 578 separatos
395 501 548 559 tractasse.
600 500 680 575 quod
701 501 736 557 ut
758 499 883 574 faceret,
909 499 1022 575 partim
1052 498 1174 574 quidem
1200 517 1237 555 ea
1271 565 1272 570 ¹

214 593 281 666 ipsa
303 589 457 664 utriusque
481 587 571 646 edicti
594 589 763 647 coniunctio
787 587 892 662 affecit,
916 590 1027 664 partim
1045 607 1114 648 vero
1139 587 1239 646 etiam
1271 581 1272 594 ³

214 679 292 738 ratio
322 677 467 754 quaedam
498 678 545 735 ius
577 677 755 736 discentium
787 678 899 736 habita.
950 676 1025 735 Cum
1054 679 1134 735 enim
1165 676 1239 752 ipsa

214 785 260 827 res
284 768 329 826 ita
350 767 455 840 ferret,
483 767 518 824 ut
545 766 664 842 aliquae
691 767 812 826 tantum
838 767 938 842 partes
962 766 1053 824 edicti
1074 765 1136 842 legi
1159 765 1239 824 duce

215 859 361 934 magistro
384 857 515 931 possent,
539 874 609 914 sane
628 856 810 915 commodius
834 857 899 914 erat
921 854 1074 930 discipulis
1097 854 1239 931 singulos

214 945 307 1004 libros
330 945 378 1003 vel
400 945 506 1004 titulos
530 963 566 1002 ex
583 947 648 1004 toto
673 963 769 1021 opere,
792 945 845 1020 qui
863 963 965 1003 rursus
985 945 1121 1020 proprios
1140 943 1239 1001 libros
1272 963 1273 1012 3

216 1033 345 1110 quadam
367 1035 483 1092 ratione
506 1032 688 1108 efficiebant,
714 1032 886 1093 tractandos
915 1052 1005 1108 quam
1031 1034 1130 1090 toturn
1158 1051 1240 1108 opus
1272 1039 1273 1062 ³

217 1123 266 1181 hic
289 1123 352 1180 illic
376 1123 557 1200 gustandum
579 1122 611 1180 in
634 1141 739 1182 manus
763 1115 861 1180 (1616.ι
911 1121 951 1180 at
978 1123 1022 1180 ita
1045 1121 1182 1198 quidem,
1215 1123 1242 1180 si

216 1211 288 1288 quid
311 1211 407 1284 video,
431 1211 505 1270 Gaio
530 1211 653 1270 debetur
675 1212 731 1270 illa
753 1230 787 1269 ex
806 1213 898 1270 const.
922 1209 1048 1270 Omnem
1065 1213 1138 1287 reip.
1157 1208 1180 1285 ἓ
1201 1202 1241 1268 1²

216 1301 373 1360 notissima
409 1301 606 1378 singularium
641 1299 785 1358 librorum
822 1300 985 1376 appellatio
1023 1299 1061 1358 ad
1101 1299 1242 1358 edictum
1273 1289 1274 1364 1

217 1391 307 1449 simul
335 1391 366 1448 et
392 1389 430 1448 ad
458 1390 572 1448 scholas
599 1390 646 1447 ius
669 1389 848 1448 discentium
870 1389 1035 1464 pertinens3
1067 1388 1241 1466 singulares

218 1481 298 1538 enim
316 1479 396 1553 libri,
421 1479 473 1553 qui
490 1477 597 1536 titulus
615 1478 745 1554 primum
764 1497 782 1535 a
801 1477 834 1546 Q.
848 1477 947 1537 Mucio
965 1480 1033 1552 post
1051 1478 1242 1553 conscriptos

217 1567 321 1626 XVIII
343 1568 435 1626 libros
460 1567 495 1625 de
518 1567 582 1625 iure
606 1567 689 1626 civili
711 1568 787 1626 libro
811 1565 889 1647 ὅρων
908 1566 995 1626 datus
1013 1565 1140 1641 videtur,
1163 1567 1243 1642 quia

218 1658 245 1715 is
271 1656 333 1714 illis
359 1657 444 1715 libris
472 1657 618 1715 universis
645 1657 730 1716 velut
758 1656 880 1733 quidam
908 1647 958 1736 (ut
984 1655 1145 1714 Iustiniani
1169 1658 1242 1714 imi-
1274 1695 1275 1736 ,

217 1747 364 1804 tationem
395 1747 428 1802 in
461 1745 628 1822 exemplum
659 1737 776 1825 vocem)
807 1745 915 1804 titulus
948 1743 984 1803 de
1014 1743 1127 1822 regulis
1160 1746 1242 1802 iuris

221 1834 387 1908 accedebat,
411 1834 586 1912 singulares,
608 1837 741 1910 inquam,
766 1834 838 1892 libri
860 1835 952 1892 etiam
974 1833 1022 1891 illi
1044 1832 1153 1892 Gaiani
1178 1853 1243 1892 non

217 1925 315 1982 minus
352 1925 421 1998 apte
457 1923 633 1982 dicebantur
669 1923 798 2000 praefixo
834 1922 957 2000 proprio
994 1923 1083 1981 titulo
1115 1923 1243 1981 ratione

217 2129 250 2181 D.
271 2128 388 2182 debon.
408 2127 456 2182 lib.
477 2133 520 2193 38,
535 2130 561 2196 2)
586 2129 614 2181 61
638 2127 788 2196 aliquoties
811 2145 861 2197 pro
880 2145 904 2181 v.
927 2127 1115 2182 ‘urbanioum'
1143 2144 1243 2181 errore

217 2198 398 2252 librariorum
417 2199 566 2252 ‘urbicum’
586 2199 697 2252 videtur
713 2199 845 2268 positum,
859 2199 937 2252 velut
954 2199 983 2252 L.
1005 2207 1021 2254 5
1039 2199 1072 2252 D.
1093 2199 1129 2252 de
1150 2200 1243 2253 adim.

219 2270 274 2340 leg.
294 2273 347 2340 (34,
362 2272 401 2338 4),
420 2270 469 2323 ubi
488 2271 575 2324 etiam
594 2269 725 2339 specialis
744 2269 845 2323 titulus
864 2270 976 2324 excidit.

292 2343 318 2409 1)
336 2340 401 2394 Alia
414 2342 525 2395 ratione
534 2341 651 2395 Alfenus
657 2341 756 2408 Varus,
767 2343 909 2410 ceteroqui
920 2341 1007 2395 simili
1017 2341 1149 2395 instituto
1159 2359 1244 2408 usus,

123 2481 125 2486 ι
220 2428 477 2481 eumquaecunque
492 2413 526 2466 de
535 2413 596 2466 iure
607 2411 683 2466 civili
694 2412 859 2482 scripsisset,
875 2411 1055 2483 Digestorum
1064 2412 1151 2466 titulo
1162 2430 1245 2466 oom-

220 2483 425 2554 prehendissct,
444 2485 538 2552 partes
558 2484 618 2537 cius
638 2485 729 2553 operis
748 2484 835 2538 etiam
858 2483 975 2552 speciali
998 2484 1083 2538 titulo
1102 2485 1133 2538 et
1150 2483 1245 2538 libro-

171 2557 173 2562 ’
220 2573 283 2608 rum
302 2556 496 2608 numeratione
515 2555 653 2622 distinxit,
672 2557 704 2608 ut
723 2573 746 2609 ν.
766 2573 807 2626 gr.
826 2555 1007 2625 Digestorum
1029 2555 1102 2609 liber
1120 2555 1246 2608 XXXIV

220 2628 294 2680 esset
317 2626 401 2679 simul
424 2626 673 2680 Coniectaneorum
696 2626 768 2681 liber
790 2627 816 2680 H
839 2629 953 2680 auctore
976 2625 1046 2680 Gall.
1068 2632 1093 2694 7,
1108 2631 1133 2680 6.
1173 2627 1245 2680 Vid.

219 2699 367 2767 praeterea
385 2698 414 2750 L.
437 2703 469 2750 19
493 2703 508 2763 §
532 2703 548 2750 6
570 2697 604 2751 D.
628 2698 663 2752 de
687 2714 754 2752 auro
778 2715 836 2769 arg.
862 2701 915 2768 (34,
930 2701 957 2767 ⁶2)
980 2700 1009 2752 et
1027 2714 1111 2766 supra
1131 2698 1193 2768 [ed.
1217 2700 1246 2769 5]

220 2770 323 2822 Antist.
343 2768 502 2823 Labeonem
519 2786 546 2838 p.
565 2775 615 2822 110
633 2771 690 2823 not.
711 2775 727 2822 4
746 2771 775 2824 61
788 2769 902 2823 Ateium
916 2768 1006 2838 Capit.
1022 2787 1049 2838 p.
1066 2774 1116 2822 116
1136 2772 1202 2824 not.
1222 2778 1246 2824 1.

220 2840 252 2892 ln
279 2841 340 2910 ipso
369 2841 462 2895 edicto
481 2839 582 2893 Gaium
606 2839 744 2910 Ulpianus
772 2841 900 2895 imitatus
928 2856 988 2894 esse
1015 2841 1105 2893 videri
1133 2843 1246 2909 potest,

221 2911 299 2964 cuius
318 2911 366 2964 lib.
382 2912 394 2964 Ι
413 2912 450 2964 ad
465 2911 589 2966 edictum
606 2911 737 2965 derebus
752 2911 865 2966 creditis
881 2911 1022 2982 allegatur
1035 2912 1078 2964 Fr.
1094 2911 1159 2965 Vat.
1180 2917 1246 2978 266,

220 2982 269 3050 qui
292 2983 379 3035 totius
403 2983 495 3052 operis
514 2984 575 3037 erat
593 2983 694 3047 XXVI,
720 2983 775 3036 nisi
794 2983 867 3036 hanc
886 2985 1046 3052 separatam
1064 2985 1247 3037 numeratio-

220 3069 285 3106 nem
304 3053 340 3106 ad
358 3055 527 3122 posteriores
546 3054 676 3108 librarios
690 3054 794 3108 referre
808 3054 904 3107 mavis.
978 3057 1005 3124 2)
1023 3053 1065 3108 De
1080 3070 1146 3121 qna,
1162 3057 1248 3122 quod

222 3125 323 3192 postea
342 3123 524 3178 dicendorum
543 3141 627 3180 causa
649 3126 818 3195 notandum,
841 3127 961 3181 rectiora
979 3125 1062 3196 Hngo
1082 3124 1140 3179 Giv.
1161 3125 1246 3197 Mag.

221 3196 246 3248 Π
270 3213 297 3264 p.
318 3200 369 3249 245
399 3198 427 3250 ct
453 3195 599 3250 Goeschen
627 3198 759 3252 Zeitschr.
784 3197 803 3250 f.
827 3197 920 3267 gesch.
944 3197 1014 3250 RW.
1039 3197 1065 3249 Π
1092 3215 1120 3266 p.
1142 3203 1158 3251 8
1184 3216 1246 3268 seq.

221 3266 389 3334 docuerunt,
423 3284 507 3335 quam
539 3267 661 3321 Leistius
694 3268 930 3338 (Rechtssysteme
961 3286 988 3336 p.
1009 3271 1053 3337 66)
1087 3270 1116 3322 61
1148 3287 1248 3339 nuper

221 3337 410 3391 Mommsenus
428 3338 524 3392 Jahrb.
544 3338 561 3391 1.
582 3356 605 3391 6.
629 3357 656 3407 p.
673 3345 713 3392 12.
757 3339 808 3392 Est
831 3339 918 3393 etiam
940 3339 1089 3392 retinenda
1111 3340 1247 3411 vulgaris

221 3409 412 3477 interpunctio
424 3409 603 3479 ‘appellatur
623 3414 730 3480 septem
743 3409 823 3463 libris
838 3410 978 3475 semctis'3
993 3412 1247 3478 imperatoremm

221 3481 306 3534 verbo
327 3481 463 3535 ‘semotis’
483 3481 559 3535 idem
578 3481 729 3550 significat,
750 3482 825 3551 quod
844 3484 928 3535 antea
946 3481 1057 3536 dixerat
1076 3483 1188 3538 ‘titulis
1210 3485 1246 3538 ab

222 3545 256 3606 ca
284 3553 418 3621 exceptis'
439 3585 472 3592 —
492 3569 528 3606 sc.
558 3551 781 3622 adlegandum,
809 3555 841 3606 ut
863 3556 982 3623 apparet
1005 3569 1039 3610 ex
1061 3554 1158 3608 verbis
1186 3573 1245 3624 seq.

223 3623 301 3678 ‘Post
320 3627 415 3679 eorum
433 3641 497 3679 vero
516 3624 687 3679 lectionem’.
