2552 4082
223 221 272 276 lo
291 219 411 276 GAIVII
428 221 604 278 Passala.
624 221 796 278 HVSCHKII
814 221 906 278 11111.
982 216 1075 278 XXIII

82 391 228 451 nomiuibus
255 393 392 465 retentis,
419 390 451 450 id
479 411 548 451 cum
574 411 607 451 re
634 392 700 468 ipsa
726 392 887 452 verisimile
910 386 981 467 est¹‚
1008 395 1075 452 tum

80 501 108 540 eo
126 479 322 554 confirmatur,
351 479 430 556 quod
452 480 613 540 Iustiniani
635 483 768 558 tempore
790 481 861 540 libri
883 479 922 540 ad
945 481 1075 541 edictum

80 570 242 646 provinciale
264 569 376 647 integri
399 569 548 644 extabant,
571 590 607 628 ex
627 570 711 630 libris
730 571 768 628 ad
787 570 830 629 ed.
850 570 985 630 urbicum
1004 590 1074 631 vero

78 659 103 718 in
125 657 280 734 provinciis
309 658 421 718 scilicet
447 660 590 736 neglectis
618 661 737 718 tantum
764 659 864 718 decem
891 663 1074 735 supererant.

131 745 228 806 Etiam
251 746 343 806 libros
371 767 405 805 ex
429 746 461 816 Q.
485 748 584 807 Mucio
608 747 716 808 Gaium
738 748 769 806 in
797 748 965 808 scholarum
987 767 1076 808 usum

75 837 212 911 scripsisse
240 840 319 895 certe
346 835 500 911 probabile
523 840 575 896 est.
625 838 704 896 Nam
733 855 800 896 cum
824 837 862 896 ad
884 855 934 898 eos
958 856 1075 913 quoquo

73 927 146 984 iuxta
168 925 260 984 edicti
282 927 558 1001 interpretationem
581 927 721 985 lectorem
745 926 874 1004 ablegat,
897 928 984 1003 quasi
1006 945 1074 1003 pro·

73 1014 195 1073 mulsidis
224 1014 289 1073 Ioco
317 1014 431 1089 aliquid
459 1014 569 1074 addam
592 1015 690 1074 verbis
719 1011 786 1074 ‘hoc
809 1016 905 1074 solum
928 1018 1076 1092 tantisper

24 1105 25 1108 ’
71 1102 172 1162 sufficit
194 1099 392 1162 admonuisse’
418 1095 556 1183 (1‚188.
585 1105 620 1162 cf.
642 1106 674 1179 2,
691 1097 761 1185 97),
789 1124 885 1164 nonne
913 1105 1075 1182 discipulos

72 1192 181 1250 ridetur
198 1192 352 1267 respicere,
371 1211 406 1251 ex
424 1193 485 1251 illis
503 1192 588 1252 libris
606 1197 711 1269 postea
730 1194 849 1253 uberius
865 1191 1076 1254 instruendos?

72 1281 214 1356 SuspIcari
231 1281 326 1358 igitur
346 1282 417 1340 ficet
430 1283 463 1339 in
481 1282 589 1342 scholis
607 1282 660 1341 hos
677 1281 768 1341 libros
787 1286 876 1341 antea
895 1301 963 1341 eum
977 1283 1076 1342 locam

69 1370 236 1444 othnuIsse,
268 1372 300 1428 in
328 1390 416 1446 quem
443 1373 548 1446 postea
575 1369 734 1446 Papimani
761 1389 904 1447 responsa
931 1373 1075 1430 venerint.

127 1459 263 1534 Denique
286 1461 400 1534 primus
420 1457 520 1534 Gaius,
544 1463 578 1518 ut
596 1461 658 1518 iam
676 1459 747 1534 dini,
766 1461 911 1519 elementa
930 1461 1077 1536 quaedam

66 1549 133 1606 iuris
166 1549 263 1606 civilis
291 1550 458 1624 composuit
486 1553 516 1606 et
544 1551 580 1607 ab
608 1551 681 1624 ipsis
711 1549 902 1608 instituendis
935 1549 1076 1608 studiosis

66 1640 213 1696 oratorum
236 1638 404 1713 exemplum
427 1630 563 1696 secutus²
592 1639 757 1713 appellavit
779 1637 1000 1712 Institutiones‚
1028 1638 1077 1696 vol

64 1745 147 1800 quem
174 1728 327 1804 integrum
349 1727 368 1784 i.
388 1747 412 1785 e.
436 1746 453 1784 a
476 1727 608 1786 librariis
635 1727 767 1785 nondum
793 1727 967 1786 mutilatum
999 1729 1075 1785 eius-

64 1815 140 1873 modi
163 1814 309 1874 librorum
331 1815 421 1874 fuisse
440 1816 563 1873 titulum
581 1816 684 1875 malim
706 1817 833 1891 opinari,
857 1811 1077 1874 ‘Institutiones

63 1905 133 1963 iuris
158 1899 273 1963 civilis’
301 1908 420 1964 anctore
443 1904 579 1963 Lactant.
606 1909 638 1980 1,
660 1907 676 1962 1
702 1903 793 1979 §122
827 1900 882 1963 ‘Et
905 1907 932 1963 si
955 1904 1077 1980 quidam

63 1993 221 2068 prudentes
249 1995 279 2051 et
309 1993 416 2052 arbitri
448 1995 609 2070 aequitatis
642 1993 844 2052 institutiones
878 1993 974 2052 civiIIs
1002 1995 1077 2053 iuris

63 2084 243 2157 compositas
258 2081 422 2158 ediderunt,
441 2082 547 2158 quibus
567 2084 678 2142 civium
696 2083 904 2142 dissidentium
922 2083 990 2141 lites
1009 2100 1077 2141 oon·

61 2173 268 2247 tentionesquc
292 2173 432 2247 sopirent,
456 2173 568 2246 quanto
587 2171 693 2230 melius
711 2189 765 2230 nos
784 2174 814 2230 et
831 2173 941 2232 rectius
960 2171 1077 2230 divinas

60 2262 265 2319 institutiones
293 2261 401 2319 litteris
428 2256 675 2336 persequemur?'
709 2261 813 2336 Neque
842 2261 1004 2319 audiendus
1033 2265 1078 2319 est

60 2350 276 2423 Mommsenus‚
300 2352 352 2425 qui
374 2349 526 2408 Lactantii
548 2350 612 2408 loco
635 2350 772 2426 ignorato
796 2352 826 2408 et
849 2352 956 2425 spretis
981 2347 1078 2408 (iolla-

59 2440 161 2512 tionis,
185 2437 316 2512 Boethii,
338 2438 565 2516 VisIgothorum
588 2440 618 2496 ct
640 2437 801 2497 Iustiniani
819 2441 850 2496 in
869 2438 985 2498 Latinis
1010 2457 1077 2497 oon·

59 2527 270 2586 stitutionibus
294 2529 325 2586 ct
346 2527 378 2584 in
406 2529 479 2603 ipsis
503 2526 695 2604 Digestorum
722 2527 965 2602 inscriptionibus
993 2529 1078 2586 testi-

60 2619 167 2675 moniis
202 2618 365 2693 genuinum
396 2618 434 2675 iis
467 2617 590 2675 titulum
623 2610 866 2675 ‘Institutorum’
901 2618 1007 2676 asserit
1043 2635 1078 2674 ex

59 2708 147 2764 unius
166 2705 314 2764 Prisciani
333 2699 536 2784 [grammatici
554 2723 627 2764 saec.
642 2699 710 2784 VJV
710 2702 737 2780 1]
760 2699 825 2786 (lib.
840 2705 883 2762 VI
906 2725 933 2780 p.
956 2706 1017 2763 726
1030 2698 1076 2786 P.)

133 2897 159 2963 1)
178 2891 355 2946 Provincialc
374 2891 449 2945 enim
468 2893 592 2946 edictum
611 2894 639 2945 et
657 2892 750 2960 ipsum
769 2891 932 2946 continebat
953 2891 1029 2944 edict
1018 2893 1079 2944 tum

59 2965 199 3032 urbicum,
218 2965 294 3032 quod
311 2967 345 3017 ut
362 2963 487 3016 Iulianus
506 2965 620 3032 praetor
639 2964 833 3032 composuerat
851 2965 880 3016 et
893 2964 1079 3032 proposuerat

59 3039 126 3120 post
143 3037 281 3105 perpetuo
301 3034 432 3088 similiter
450 3034 672 3118 proponendum,
690 3035 732 3088 ita
751 3033 911 3087 Hadrianus
929 3033 1079 3103 proconsul

59 3109 90 3160 in
108 3107 261 3177 provinciis
281 3106 338 3159 suis
362 3107 539 3174 proposuisse
559 3107 588 3159 ct
607 3104 770 3159 secessere
795 3105 883 3174 (cuius
907 3104 1078 3158 Iustinianns

60 3181 149 3233 const
179 3177 272 3232 Tanta
299 3177 373 3230 circa
402 3183 416 3242 ξ
442 3182 474 3230 18
502 3176 646 3246 meminit)
674 3192 691 3229 a
719 3176 837 3230 caeteris
865 3175 1078 3246 proconsulibus

60 3249 276 3320 proponendum
304 3264 415 3302 curasse
443 3248 645 3302 existimandus
669 3250 719 3302 est
761 3247 842 3300 Unde
860 3247 982 3301 Paeanio
1005 3250 1079 3301 teste

59 3321 108 3388 (ad
127 3315 244 3390 Eutrop.
260 3325 285 3386 8
302 3325 333 3372 17
359 3320 396 3389 [p.
418 3325 477 3386 147,
493 3324 526 3372 76
548 3319 590 3372 ed.
615 3319 763 3388 Droysen])
790 3319 925 3385 edictum
950 3319 1056 3408 quod
1048 3336 1079 3372 ιιι

59 3391 85 3445 Ι
86 3392 145 3446 alra
160 3391 262 3445 Latine
277 3363 424 3444 dicebatur
433 3393 608 3460 perpetuum,
624 3391 711 3444 etiam
726 3406 775 3442 suo
789 3392 915 3458 tempore
929 3391 961 3444 τὸ
973 3387 1033 3458 {trip
1036 3388 1079 3443 soi-

58 3483 123 3517 νιον
141 3463 299 3516 vocitatum
319 3464 368 3516 cst.
460 3465 487 3530 2)
506 3460 631 3514 Namt
602 3464 631 3514 et
656 3459 845 3526 Quintilianus
868 3461 1078 3515 Institutionem

59 3534 214 3588 oratoriam
243 3535 272 3588 ct
298 3532 393 3586 Celsus
421 3537 515 3587 orator
546 3534 619 3586 teste
649 3531 739 3586 Schol.
768 3532 805 3584 ad
833 3531 954 3586 Iuvenal.
982 3537 1010 3599 6,
1026 3537 1077 3584 245

59 3605 259 3660 Institutiones
279 3605 437 3673 scripserat.
