2552 4082
197 221 261 276 XIV
359 221 410 275 AD
429 219 548 276 GAIVM
566 219 743 274 PRAEFAT.
763 218 935 274 HVSCHKII
952 218 1010 273 ΕΙ).
1025 219 1045 272 I.

198 391 305 466 quibus
328 390 419 464 loeus,
442 389 497 448 ubi
518 391 585 464 quis
608 388 720 463 scribit,
744 389 862 464 optime
873 388 1011 464 eognosoi
1030 388 1115 460 solet,
1138 387 1216 446 nihil

197 481 365 556 reperiatur
382 479 414 537 in
429 477 498 538 Gaii
516 477 644 554 seriptis,
663 478 743 554 quod
756 477 861 536 Asiam
874 474 1004 554 prodat?
1026 476 1121 535 Immo
1140 477 1215 535 haee

198 569 236 627 ad
258 568 379 626 Italiam
402 569 586 644 Romamque
608 587 663 627 nos
687 567 833 644 delegant.
884 566 920 624 ln
947 567 1088 642 exemplis
1113 565 1215 625 condi·

197 659 315 716 eionum
346 658 422 717 hano
453 660 552 734 ponit:
585 651 627 716 ‘si
658 657 743 716 navis
775 675 810 714 ox
837 655 911 715 Asia
937 651 1067 714 venerit'
1097 648 1144 736 (L.
1169 656 1214 713 33

196 745 233 804 D.
252 746 288 804 de
307 746 404 805 hored.
422 748 492 806 inst.
511 740 578 828 (28,
594 739 628 826 5)
648 765 683 804 ex
699 745 749 804 lib.
764 745 796 802 H
814 745 850 804 de
868 747 986 804 testam.
1001 745 1039 804 ad
1053 745 1097 803 ed.
1116 745 1214 819 praet.

196 835 270 908 urb.
301 834 334 892 L.
356 837 396 893 72
420 833 456 892 D.
480 834 516 894 de
538 826 707 914 fidei.(4e,
729 826 762 914 1)
792 853 827 892 ex
849 833 900 892 lib.
919 833 966 891 ΠΙ
985 834 1021 892 de
1039 833 1075 891 V.
1095 825 1144 912 0.)
1174 865 1211 874 -

195 925 271 982 miro
299 924 400 998 modo,
431 925 459 983 si
485 924 601 984 Troade
628 924 701 982 haee
728 924 861 1000 scripsit:
892 925 966 982 item
993 917 1035 981 ‘si
1062 924 1149 980 navis
1176 941 1214 980 ex

195 1011 300 1071 Alrioa
322 1009 448 1072 venerit’
473 1016 504 1072 et
525 1015 602 1073 hano
624 1014 766 1089 speeiem:
791 1009 827 1072 ‘si
850 1014 929 1070 inter
951 1030 1000 1071 eos
1024 1012 1077 1087 qui
1098 1011 1214 1070 Romae

196 1094 271 1179 (non
295 1093 424 1183 Troade)
449 1103 526 1178 sunt,
549 1102 620 1162 talis
641 1101 695 1160 fiat
718 1102 890 1178 stipulatio:
912 1103 1010 1161 Hodie
1034 1100 1214 1174 Uarthopiue

197 1191 268 1249 dore
290 1187 444 1263 spoudeei’
471 1184 517 1269 (L.
539 1194 600 1250 141
626 1189 666 1266 ἐξ
693 1193 725 1265 73
744 1193 764 1249 4
798 1191 863 1249 ooli.
881 1189 921 1248 =L.
943 1192 983 1249 73
998 1210 1042 1266 pr.
1066 1190 1102 1249 de
1121 1189 1156 1246 V.
1176 1187 1211 1248 O.

196 1270 268 1359 (45,
289 1271 323 1361 1)
346 1299 381 1338 ex
403 1279 454 1338 lib.
473 1280 504 1338 Π
527 1281 562 1340 de
581 1280 617 1338 V.
637 1270 684 1358 0.)
717 1281 748 1338 et
771 1274 875 1353 ε0110,
907 1281 960 1355 qui
981 1281 1026 1338 ita
1049 1279 1211 1354 stipulatus

195 1368 299 1427 fuerit:
330 1369 363 1426 X
386 1370 471 1428 milio
497 1371 609 1442 Ephesi
635 1370 708 1428 dore
733 1369 877 1442 sporades?
1002 1368 1113 1427 Romae
1136 1386 1212 1441 pure

197 1457 239 1516 sie
262 1453 438 1517 intenderit'
464 1450 513 1539 (4,
529 1451 594 1540 53).
645 1457 791 1516 Similiter
816 1460 848 1515 in
872 1457 1013 1533 exemplis
1036 1459 1064 1515 ei
1086 1459 1158 1516 sunt
1180 1459 1212 1514 01
1272 1491 1273 1494 =

195 1547 227 1604 in
249 1547 322 1621 ipsis
346 1545 465 1621 quidem
488 1548 580 1606 etiam
608 1547 646 1605 ad
669 1546 798 1606 edietum
820 1547 1004 1622 provinciale
1030 1545 1116 1605 libris
1143 1546 1211 1603 fun-

195 1635 250 1694 dus
265 1635 457 1710 Tusculanus,
476 1635 579 1694 vinum
593 1635 786 1711 Campanum,
805 1637 939 1695 tritioum
952 1635 1097 1709 Africum,
1117 1635 1212 1711 Tyria

194 1743 328 1799 purpura
351 1716 455 1804 (quam
482 1743 538 1784 usu
565 1725 666 1801 potius
688 1725 855 1783 Romanam
882 1717 1005 1805 dixeris)
1035 1716 1081 1805 (L.
1108 1726 1148 1782 74
1172 1723 1209 1781 Ι),

195 1812 232 1872 de
249 1813 285 1870 V.
306 1812 339 1872 O.
379 1805 488 1894 45,1).
521 1813 676 1890 L17pr.
709 1813 745 1871 D.
769 1812 805 1872 de
828 1813 940 1872 condio.
964 1818 993 1871 et
1017 1814 1091 1872 dem.
1112 1814 1210 1887 35,1.

195 1901 268 1960 Inst.
288 1905 318 1978 4,
334 1807 391 1984 538
415 1906 445 1961 01
466 1904 530 1978 ipse
555 1923 573 1962 a
594 1905 731 1979 praetore
755 1894 829 1983 (non
848 1921 866 1962 0
884 1895 1072 1983 proconsule)
1096 1904 1210 1961 cautio-

194 2010 262 2050 nem
289 1994 392 2067 petons
420 1991 452 2050 L.
480 1996 518 2050 11
544 1993 580 2052 D.
604 1995 639 2050 ut
657 1993 713 2069 leg.
737 1983 810 2072 (36,
832 1983 874 2072 3).
921 1990 1033 2060 Quibus
1062 1993 1211 2065 convenit,

195 2079 284 2154 qnod,
307 2099 367 2155 quo
391 2081 439 2140 die
462 2081 573 2140 Romae
598 2073 671 2162 (non
689 2082 722 2138 in
740 2073 917 2161 provinciis)
939 2084 1012 2141 vota
1033 2100 1088 2156 pro
1111 2081 1211 2140 salute

194 2169 383 2244 imperatoris
411 2171 622 2245 suscipiantur,
652 2170 773 2245 exponit
802 2162 853 2249 (L.
878 2171 941 2228 233
965 2167 985 2244 ξ
1010 2173 1026 2228 1
1052 2171 1087 2228 D.
1112 2170 1148 2227 de
1172 2170 1210 2228 V.

195 2257 223 2314 S.
245 2249 383 2338 5016),
412 2258 492 2334 quod
520 2261 612 2318 etiam
637 2260 670 2316 in
697 2259 782 2318 libris
812 2258 851 2317 ad
874 2258 1003 2317 edietum
1025 2260 1210 2334 provinciale

194 2346 315 2420 abhis,
338 2365 414 2422 quae
438 2347 549 2406 Romae
572 2351 654 2422 sunt,
682 2348 720 2406 ad
743 2345 788 2421 id,
816 2347 896 2423 quod
918 2350 950 2405 in
972 2348 1133 2422 provinciis
1157 2348 1210 2406 ob·
1273 2339 1274 2350 ³

192 2435 279 2510 tinet,
301 2436 437 2511 procedit
459 2428 506 2516 (L.
527 2440 604 2513 lpr.
633 2437 669 2495 D.
694 2436 774 2512 quod
793 2438 904 2511 ouiusq.
924 2437 1003 2495 univ.
1024 2438 1053 2511 3,
1068 2438 1096 2494 4.
1129 2436 1162 2494 L.
1180 2438 1208 2495 5.

193 2523 229 2582 D.
249 2525 286 2582 de
304 2526 398 2583 curat.
417 2526 473 2584 fur.
494 2517 618 2606 2410)
641 2529 672 2585 et
693 2527 790 2584 multa
813 2526 931 2585 similia.
982 2525 1064 2594 Quae
1086 2525 1210 2601 quidem

193 2614 321 2690 singula,
335 2614 442 2687 fateor,
460 2633 567 2690 parum
580 2615 717 2690 probant,
735 2616 895 2674 coniuncta
909 2633 979 2674 vero
993 2633 1080 2674 suum
1097 2614 1210 2674 habent

192 2705 320 2761 maxime
348 2702 386 2761 ad
413 2704 608 2762 refellendum
634 2707 825 2764 momentum.
879 2703 1013 2778 Denique
1036 2722 1113 2779 0000
1135 2706 1209 2762 1000

193 2795 259 2850 erat
280 2792 362 2850 urbis
381 2791 493 2851 Romae
511 2795 682 2868 auotoritas,
701 2793 801 2872 legum
820 2794 946 2868 patriae,
964 2793 1083 2867 imperii
1100 2794 1208 2852 totius-

192 2900 251 2956 que
273 2881 523 2956 iurisprudentiae
547 2883 637 2957 sedis,
666 2882 732 2958 quis
756 2881 857 2941 eredat
879 2881 1130 2956 imisoonsultum,
1154 2881 1208 2956 qui

191 2972 239 3034 101
265 2970 432 3047 insignibus
460 2969 546 3030 libris
567 2972 614 3029 ius
638 2971 724 3030 oivile
747 2970 925 3044 illustravit,
949 2970 1059 3045 quique
1082 2972 1112 3028 et
1136 2967 1209 3028 Oas-

193 3059 310 3118 sianum
333 3077 364 3118 se
386 3058 544 3134 profitetur
566 3062 597 3118 01
619 3060 690 3118 lieet
711 3079 772 3118 non
791 3079 809 3118 a
828 3059 856 3118 S.
875 3059 1039 3134 Pomponio
1063 3056 1208 3118 Cassiano

192 3149 264 3206 item
289 3143 393 3207 ‘Gaius
416 3144 528 3207 noster'
553 3143 748 3225 appellatusl,
770 3152 871 3208 tamen
894 3148 1103 3208 controversiis
1122 3148 1207 3206 scho-

264 3392 290 3460 1)
308 3389 338 3442 L.
363 3393 396 3442 39
420 3388 453 3441 D.
477 3388 513 3442 de
535 3389 631 3458 stipul.
656 3405 724 3443 serv.
752 3391 811 3458 (41,
826 3391 866 3458 3),
894 3389 943 3458 qui
971 3388 1049 3442 loeus
1072 3405 1140 3442 num
1168 3387 1206 3441 ad

192 3459 294 3514 Gaium
312 3461 440 3514 nostrum
458 3461 578 3529 0000101,
601 3475 653 3514 neo
675 3461 770 3529 potius
789 3460 826 3514 ad
845 3460 872 3516 0.
893 3459 1020 3514 Cassium
1038 3459 1206 3530 Longinum,

190 3533 256 3602 post
274 3532 420 3601 disputata
438 3531 473 3584 de
491 3532 545 3585 hae
563 3547 593 3586 re
612 3545 629 3584 0
644 3530 674 3584 G.
690 3531 727 3585 M.
741 3531 848 3585 Ashero
861 3532 892 3585 in
905 3530 1039 3586 Zeitsohr.
1053 3531 1072 3584 f.
1087 3531 1207 3585 1100110-

191 3604 284 3674 gesoh.
300 3603 326 3658 V
343 3621 371 3672 p.
387 3609 420 3657 83
436 3619 492 3671 seq.
512 3604 554 3658 ita
572 3603 643 3657 mihi
662 3602 779 3657 dubium
797 3619 857 3658 esse
871 3603 979 3658 factum
997 3602 1097 3671 fateor,
1116 3604 1149 3656 ut
1168 3604 1206 3657 ad
