2552 4082
179 251 205 308 X
341 254 391 308 AD
411 253 532 309 GAIVM
549 255 726 310 Punuulr.
745 255 918 311 HVSCHKII
936 255 993 311 ΕΙ).
1009 255 1029 310 I.

180 442 237 500 que
260 425 303 483 sic
325 425 444 482 tautum
466 426 621 499 nominati,
645 425 716 500 Titi,
734 425 829 486 Marci
851 427 1080 502 imperatorum:
1100 443 1190 501 eoque

178 514 306 571 fortasse
329 513 392 572 solo
416 513 599 592 significatus
623 517 677 588 est,
701 514 780 591 quod
803 533 911 574 nomen
934 517 964 574 et
982 533 1147 592 cognomen
1165 516 1192 573 ei

178 604 245 661 erat
267 620 334 660 oum
357 603 431 676 alio,
458 605 604 663 nescimus
628 623 701 680 quo,
728 603 800 664 tho
828 622 982 662 commune
1006 606 1044 662 ,11
1072 603 1110 662 ab
1138 604 1192 662 hoc

177 690 398 766 simplicissime
416 691 661 770 distingueretur:
683 711 856 769 quanquam
874 711 952 751 nunc
971 691 1067 752 Guido
1087 691 1192 751 Padel·

177 779 247 838 letti
267 771 337 860 (Del
356 799 441 839 nome
460 780 492 838 di
510 779 584 839 Gaio
603 781 686 840 Rom.
709 783 805 852 1874)
823 801 932 842 nomen
949 781 982 840 id
1000 782 1192 860 gentilitium

178 868 256 927 alius
288 868 383 927 Italus
417 861 529 949 (Felice
563 868 707 930 (lattaneo
738 870 796 929 Del
828 889 914 930 nome
941 871 973 929 di
1001 870 1089 946 Gaio,
1121 873 1193 930 nota

177 958 253 1016 lette
277 958 306 1015 al
325 957 359 1015 lt.
378 957 455 1017 Istit.
473 957 575 1017 Lomb.
597 951 697 1041 1881)
721 979 884 1036 cognomen
906 959 997 1020 fuisse
1020 960 1090 1019 huic
1112 959 1193 1036 1011,

178 1046 361 1124 argumentis
384 1065 438 1105 nec
460 1049 560 1106 tamen
578 1047 828 1124 probabilioribus
847 1048 1067 1108 adstruxerunt.
1108 1047 1193 1108 Certe

178 1135 242 1194 Titi
264 1153 452 1212 praenomen,
475 1135 555 1211 quod
576 1138 609 1195 in
631 1156 690 1196 uno
712 1138 843 1198 alterove
862 1139 1010 1214 epitomae
1028 1137 1194 1216 Visigotbi·

177 1243 231 1284 cae
253 1223 353 1283 codice
377 1222 451 1283 Gaio
474 1227 691 1301 praescriptum
713 1226 824 1302 legitur
846 1227 974 1304 indeque
1004 1246 1108 1286 verum
1131 1228 1193 1285 eius

178 1331 359 1389 praenomen
386 1313 477 1372 brisso
505 1313 683 1390 quibusdam
709 1317 807 1374 visum
834 1318 892 1389 ost,
922 1316 990 1392 post
1017 1316 1128 1374 multos
1156 1315 1193 1373 ab
1273 1381 1274 1406 ¹

176 1401 323 1461 Haenelio
346 1403 494 1478 inspectos
518 1403 633 1462 codices
656 1405 825 1480 corruptela
847 1407 928 1464 vocis
947 1405 1025 1463 tituli
1043 1406 1193 1481 apparuit.
1273 1409 1274 1454 1

178 1483 237 1572 (cf.
256 1491 379 1549 Haenel.
399 1490 460 1549 Lex
473 1491 556 1550 Rom.
571 1491 633 1551 Vis.
653 1513 681 1568 p.
701 1491 790 1567 XLV,
809 1496 870 1554 not.
892 1494 946 1567 16,
965 1514 993 1570 p.
1015 1486 1102 1574 314.)
1149 1493 1194 1552 De
1273 1563 1274 1574 χ

178 1582 277 1639 aetate
301 1578 369 1638 Gaii
391 1581 447 1638 hoc
469 1582 588 1639 tantum
606 1584 791 1657 compertum
809 1585 863 1656 est,
886 1582 966 1658 quod
989 1582 1043 1640 sub
1066 1584 1194 1658 impera-
1273 1579 1274 1606 ³

177 1669 293 1728 toribus
320 1667 487 1742 Hadriano,
514 1669 666 1729 Antonino
694 1671 748 1730 Pio
773 1673 802 1730 et
824 1671 863 1728 M.
888 1670 1010 1730 Aurelio
1039 1671 1194 1730 Antonino

177 1759 274 1817 vitam
302 1777 386 1817 suam
413 1761 567 1836 transegit.
617 1760 697 1818 Nam
724 1760 804 1836 quod
830 1759 979 1820 Hadriani
1009 1759 1195 1836 temporibus

181 1846 345 1922 acciderat,
372 1846 403 1906 id
426 1848 489 1923 ipse
513 1867 567 1906 sua
590 1852 688 1908 aetate
711 1850 825 1908 factum
849 1867 911 1909 esse
934 1852 1037 1908 narrat
1060 1848 1093 1906 L.
1115 1851 1195 1925 7pr.

177 1935 214 1994 D.
244 1934 279 1994 de
306 1935 367 1994 reb.
396 1936 464 1994 dub.
498 1929 569 2016 (34,
585 1930 627 2019 5).
682 1938 912 1998 Institutionum
948 1939 1197 1998 commentarium

177 2025 308 2100 primum
331 2029 361 2084 11
383 2025 495 2101 partim
517 2027 678 2085 secundum
699 2029 865 2102 imperante
885 2027 1036 2100 Antonino
1055 2027 1108 2086 Pio
1125 2046 1196 2085 eum

177 2114 330 2189 scripsisse
357 2114 491 2190 plerique
519 2115 588 2172 inde
610 2119 690 2174 11111
713 2109 892 2194 colligunt¹,
919 2115 1000 2192 quod
1023 2119 1197 2176 constanter

176 2202 221 2259 ibi
245 2193 365 2282 (1‚53;
395 2204 449 2276 743
479 2204 550 2262 102.
581 2205 707 2280 2,126;
729 2206 801 2264 151.
829 2206 867 2263 ad
889 2209 1072 2282 postremum
1094 2205 1197 2264 locum

177 2309 256 2349 nuno
284 2291 460 2350 conferenda
482 2290 515 2349 L.
536 2293 564 2350 3.
592 2292 628 2350 D.
652 2293 688 2351 de
715 2293 762 2353 bis
790 2312 866 2370 quae
894 2296 926 2352 in
953 2286 1196 2374 1111111284)

177 2381 241 2438 sine
269 2379 332 2438 divi
358 2383 636 2440 commemoratione
664 2402 731 2458 eum
753 2384 902 2457 nominat,
931 2402 1022 2458 quam
1045 2383 1120 2442 alias
1144 2383 1195 2442 de·

178 2467 288 2526 functis
312 2469 541 2543 imperatoribus
563 2469 694 2530 tribuere
717 2472 801 2530 solet.
852 2472 903 2531 sed
931 2475 962 2530 11
988 2473 1126 2531 extremis
1145 2472 1198 2530 Pii
1274 2525 1275 2538 .

176 2557 361 2633 temporibus
394 2558 544 2634 scripsisse
576 2559 709 2636 videtur3
744 2580 815 2620 nam
843 2562 958 2636 2,195
991 2580 1059 2618 eum
1090 2560 1197 2618 divum
1274 2629 1275 2634 ἵ

177 2646 319 2722 appellat.
365 2647 427 2706 Neo
451 2648 530 2722 quod
553 2648 592 2706 M.
615 2648 786 2708 Antoninus
813 2651 845 2706 in
868 2669 899 2708 re
923 2649 1046 2708 tutelari
1069 2649 1104 2707 dc
1127 2649 1196 2726 lege

177 2735 329 2794 Plaetoria
361 2739 391 2794 et
423 2739 559 2812 praetore
590 2739 714 2796 tutelari
745 2739 777 2796 in
808 2739 907 2797 locum
939 2739 1094 2797 consulum
1125 2739 1196 2797 sub-

177 2825 284 2883 stituto
317 2816 458 2905 (Capitol.
489 2825 580 2885 Maro.
611 2829 652 2886 10
685 2828 751 2886 1111.
779 2845 847 2886 cum
876 2828 1001 2902 1‚198;
1027 2819 1110 2908 200)
1139 2847 1196 2886 nec

178 2912 258 2986 quod
290 2912 325 2971 de
353 2915 483 2973 cretione
515 2917 710 2974 constituerat
743 2907 829 2997 (Ulp.
850 2919 901 2991 22,
917 2917 959 2974 34
987 2916 1052 2976 1111.
1076 2920 1195 2990 11112,

179 2993 272 3083 177),
299 3003 331 3059 11
355 3001 422 3061 Gaii
449 3004 590 3062 notitiam
616 3007 805 3080 pervenerat,
833 3025 899 3064 cum
927 3005 1017 3064 finem
1043 3007 1135 3082 primi
1164 3009 1196 3064 et

177 3109 246 3150 oum
269 3091 428 3150 secundum
451 3096 695 3152 commentarium
718 3087 886 3154 scriberet.²
929 3094 1025 3170 Atqui
1043 3096 1109 3152 tum
1131 3097 1195 3152 iam

250 3281 276 3342 1)
294 3278 382 3332 Μ1111
400 3279 573 3348 temporibus
593 3279 680 3334 ctiam
692 3281 815 3350 primum
829 3297 926 3334 comm.
942 3281 1070 3352 assignat
1083 3280 1193 3335 Puchta

175 3349 243 3403 1111.
258 3350 271 3402 l
286 3355 300 3415 ἓ
316 3355 357 3415 99,
376 3352 434 3404 not.
448 3350 487 3403 bb
502 3353 531 3405 61
543 3352 702 3420 nuperrime
720 3352 754 3405 Η.
770 3351 803 3405 Η.
819 3353 936 3422 sitting,
951 3352 1031 3407 Alter
1045 3353 1071 3406 d.
1087 3352 1194 3406 Schrif-

175 3423 226 3474 ten
245 3422 270 3476 d.
290 3421 369 3474 Rom.
389 3421 513 3476 Juristen
531 3440 558 3491 p.
576 3428 618 3476 21.
691 3426 718 3493 2)
737 3423 831 3477 Etiam
854 3426 986 3494 quartum
1009 3441 1108 3478 comm.
1129 3441 1193 3494 pro-

176 3492 241 3561 pius
268 3492 358 3546 initiis
385 3492 418 3546 D.
442 3493 532 3547 Marci
559 3495 746 3563 compositum
769 3510 829 3548 esse
861 3495 927 3548 inde
955 3497 1087 3564 apparet,
1115 3497 1193 3564 quod

176 3570 203 3630 4,
219 3569 359 3618 181-187
388 3563 516 3636 abrogati
535 3566 571 3619 ab
588 3582 621 3619 eo
640 3567 809 3635 imperatore
827 3565 1050 3620 vadimoniorum
1068 3565 1192 3620 solennis

176 3634 285 3704 (Victor
309 3636 343 3690 de
367 3635 443 3690 Caes.
466 3641 508 3707 lt)
537 3637 615 3690 nulla
643 3637 748 3692 mentio
776 3635 903 3692 habetur.
948 3637 1040 3708 [Hanc
1069 3637 1192 3693 Victoris
