2552 4082
200 203 292 260 xxlv
365 203 416 261 11
435 192 553 258 amru
571 203 747 258 1111111.
766 201 1047 260 1111111111,

202 370 243 450 [p.
269 374 376 447 282,ss
409 367 453 433 ed.
486 367 591 451 Hertz]
624 374 802 432 auctoritate
839 365 924 452 (addi
959 375 1060 431 tamen
1095 371 1229 448 poterat

200 461 305 525 Boeth.
333 481 437 522 comm.
465 464 497 521 in
526 461 585 521 (lic.
609 462 681 537 Top.
704 461 735 520 Π
766 483 795 538 p.
816 463 888 522 299.
918 463 981 521 303
1005 453 1119 541 Bait),
1147 479 1226 518 cum

201 551 313 612 dudum
340 551 394 612 uv.
423 551 494 612 Otto
523 569 626 610 comm.
655 551 694 610 ad
719 549 791 610 Inst.
815 552 883 627 p.3
913 551 1023 627 aliique
1052 551 1112 608 viri
1134 549 1226 608 docti

201 641 384 700 ostenderint
414 641 571 716 scriptores
598 639 717 698 infimae
739 638 915 700 Latinitatis
939 641 1023 698 1111
1048 639 1096 698 his
1123 641 1224 697 etiarn

200 730 358 805 scriptores
385 729 529 806 quosdam
557 729 769 804 exemplarium
798 729 958 788 Iustiniani
986 728 1226 788 Institutionum

200 820 263 878 eius
286 819 318 876 in
340 819 430 878 titulo
454 820 551 894 operis
574 819 630 878 hoc
652 818 742 878 uerbo
764 836 833 878 usos
854 836 916 878 esse
936 837 970 877 ex
988 817 1110 876 licentia
1124 816 1226 876 Grae·

200 925 301 966 corum
336 909 435 966 totum
466 926 540 983 opus
572 903 607 965 τὰ
636 899 811 966 Ἰνστίτουτα
843 898 896 988 (11
922 907 1001 966 Flora
1029 906 1089 964 ind.
1123 907 1225 964 etiam

199 995 291 1056 habet
315 991 488 1055 ‘Definiton'
512 1015 567 1072 pro
592 989 857 1078 ‘Definitionum'),
880 996 1012 1073 singulos
1036 997 1099 1056 eius
1122 994 1225 1052 libros

200 1083 256 1162 τὴν
292 1083 428 1165 πρώτην,
465 1082 604 1165 δευτέραν
635 1088 693 1144 κτλ.
723 1079 953 1144 Ἰνστιτουτίωνα
988 1084 1222 1161 appellantium.

202 1172 370 1232 Secundum
383 1193 419 1233 ea
436 1193 515 1250 uero,
535 1193 611 1251 quae
630 1174 665 1234 de
684 1175 775 1234 edicti
792 1174 877 1233 libris
895 1173 1095 1252 singularibus
1114 1174 1223 1248 dispu-

200 1264 279 1337 tavi,
306 1282 360 1323 nec
387 1263 491 1322 dubito
526 1263 635 1324 Gaium
661 1265 761 1340 ipsum
787 1263 860 1322 haec
887 1263 1056 1322 rudimenta
1084 1281 1118 1322 eo
1146 1281 1222 1321 eon-

200 1351 268 1410 silio
287 1353 438 1428 scripsisse
446 1345 466 1427 1,
488 1355 524 1411 ut
548 1348 591 1410 ‘in
614 1351 793 1412 stationibus
815 1353 864 1412 ius
887 1351 1004 1428 publice
1032 1345 1221 1412 docentium'

201 1432 290 1521 (Gell.
308 1433 430 1522 13,13)
455 1441 491 1500 ab
514 1443 552 1500 iis
574 1442 684 1516 potius,
708 1459 797 1517 quam
815 1442 850 1499 ut
869 1441 1011 1500 hactenus
1033 1441 1221 1513 factitatum,

200 1530 237 1588 ab
267 1529 357 1590 edicti
383 1531 482 1605 prima
508 1532 594 1605 parte
620 1531 694 1589 iuris
721 1529 854 1588 studium
886 1529 1101 1605 auspicaretur,
1134 1529 1221 1606 quod
1269 1581 1270 1612 ,

200 1619 315 1695 pariter
351 1620 379 1677 ei
416 1620 550 1695 ineptum
587 1618 682 1678 1111111
718 1617 857 1692 debebat,
894 1622 985 1694 atque
1016 1619 1101 1678 nobis
1133 1618 1218 1678 vide-

199 1711 291 1782 retur,
315 1709 341 1766 si
365 1709 431 1783 quis
450 1708 488 1766 ab
507 1707 609 1766 ordine
629 1708 757 1783 quodam
774 1707 930 1766 iudiciario
951 1707 1125 1783 explicando
1144 1711 1221 1766 ante
1269 1715 1270 1776 l

201 1796 409 1856 Institutiones
433 1797 481 1856 vel
504 1796 669 1856 Pandeetas
693 1801 828 1873 acceptas
850 1795 972 1854 initium
993 1798 1091 1856 fecere
1113 1797 1219 1856 vellet.

198 1886 295 1962 Atqui
317 1887 379 1944 iam
402 1885 514 1944 dudum
537 1904 706 1959 exterum,
733 1887 766 1944 11
787 1885 890 1959 fallor,
919 1888 987 1944 actu
1015 1886 1052 1944 ab
1075 1885 1219 1964 Augusto
1269 1913 1270 1944 1

199 1977 232 2032 11
263 1994 378 2034 menses
411 1976 540 2034 aestivos
573 1977 604 2033 et
634 1974 772 2033 hibernos
805 1974 901 2034 diviso
933 1966 1029 2054 (Suet.
1055 1975 1132 2053 Aug.
1163 1976 1218 2034 32.
1269 1951 1270 2034 l

201 2056 392 2144 (11111123),
416 2065 468 2138 qui
490 2065 582 2122 etiam
609 2064 734 2122 consilia
760 2065 976 2139 imperatorum
1004 2055 1114 2144 (Dione
1137 2065 1219 2122 teste
1269 2039 1270 2122 l

200 2152 252 2227 53,
268 2154 318 2210 21.
344 2153 395 2226 sc,
411 2153 461 2210 ee.
487 2153 537 2226 co,
552 2143 587 2232 4)
611 2153 641 2210 et
663 2151 842 2211 rescribendi
863 2171 937 2228 opus
957 2154 1110 2212 semestra
1133 2153 1219 2226 111,

199 2243 229 2299 11
256 2259 291 2300 ex
313 2239 460 2300 Labeonis
488 2243 559 2300 noto
588 2241 721 2316 exemplo
746 2232 797 2322 (L.
822 2243 840 2300 2
865 2239 884 2316 ξ
905 2243 946 2301 47
971 2241 1008 2301 D.
1032 2243 1067 2300 de
1091 2261 1133 2301 cr.
1157 2243 1216 2300 iur.
1269 2275 1270 2308 r

201 2332 229 2402 1,
244 2321 278 2410 2)
315 2331 348 2387 in
383 2347 470 2387 usum
502 2332 638 2403 venerat,
674 2332 708 2388 ut
739 2331 813 2390 iuris
849 2350 966 2408 quoque
997 2332 1129 2392 studium
1161 2353 1219 2408 per

199 2435 312 2476 annuos
336 2437 437 2478 cursus
460 2417 539 2478 binis
564 2437 681 2494 quoque
704 2437 781 2480 anno
809 2422 908 2498 pensis
937 2422 1092 2482 distinctos
1115 2422 1217 2480 absol·

199 2510 326 2566 veretur.
381 2505 424 2564 Ut
455 2508 550 2584 igitur
573 2527 590 2566 a
612 2509 732 2569 traditis
762 2530 852 2586 quam
883 2511 1005 2570 minime
1036 2509 1217 2584 deflecteret,

200 2610 267 2655 cum
289 2595 519 2656 Institutionum
540 2595 612 2655 libri
634 2598 751 2674 integro
774 2617 852 2658 anno
871 2616 931 2656 non
949 2597 1124 2671 sufficerent,
1142 2618 1216 2674 pru-

200 2685 371 2746 dentissime
395 2682 487 2749 Gaius
510 2686 1120 2762 11111111111111111111111111111,
1144 2687 1216 2746 aliis

270 2874 295 2943 1)
314 2873 374 2927 Nec
396 2873 525 2942 improbo
548 2872 602 2926 hoc
624 2871 666 2924 ita
689 2873 848 2940 acceptum,
870 2874 903 2926 ut
927 2873 1080 2940 antequam
1097 2871 1216 2927 Institu-
1269 2871 1270 2934 l

197 2943 288 2999 tiones
308 2961 372 2998 enas
390 2945 421 2998 in
439 2944 585 3014 publicum
603 2942 711 3010 ederet,
735 2958 769 2996 ea
786 2942 849 3011 ipsa
867 2943 938 3010 lere,
963 2959 1036 3012 quae
1054 2943 1216 3014 scripserat,
1269 2935 1270 2994 l

197 3015 696 3080 11111111111111111111111111,
720 3029 805 3080 quam
827 3013 997 3068 sententiam
1019 3013 1149 3084 pluribus
1168 3031 1217 3068 ex·
1269 3003 1270 3080 l

198 3088 309 3142 secutus
329 3089 372 3140 est
389 3086 423 3141 H.
443 3086 592 3155 Dernburg
609 3085 682 3139 libro
703 3084 759 3138 ‘die
777 3085 978 3140 Institutionen
997 3087 1046 3141 des
1061 3085 1148 3140 Gaius
1167 3087 1215 3140 eiu
1269 3091 1270 3134 ἐ

198 3157 414 3228 Collegienheft'
435 3159 525 3227 (1869)
544 3176 570 3226 p.
587 3163 620 3210 33
638 3173 709 3226 serp,
727 3157 810 3210 modo
833 3173 869 3211 ne
892 3174 926 3212 ex
949 3157 1214 3212 commentariorum
1269 3143 1270 3228 J

198 3229 319 3295 nomine,
339 3246 394 3298 qno
413 3227 499 3282 Gaius
518 3229 568 3282 hos
586 3229 619 3281 ut
637 3228 708 3282 alios
726 3227 814 3282 libros
832 3228 919 3282 etiam
933 3245 979 3283 ore
992 3245 1137 3298 nunquam
1155 3231 1215 3282 tra
1269 3233 1270 3266 ³

199 3299 281 3368 ditos,
300 3301 427 3354 modeste
451 3299 618 3369 appellavit,
642 3301 838 3369 argumentum
861 3299 921 3353 eius
945 3301 1102 3354 sententiae
1125 3300 1213 3354 ducas
1269 3319 1270 3330 .

197 3387 288 3440 neque
310 3371 365 3425 hac
386 3371 450 3440 ipsa
472 3371 575 3436 forma,
599 3385 684 3438 quam
701 3373 841 3437 tenemus,
865 3387 899 3424 ex
922 3371 1082 3426 auditorum
1101 3369 1214 3424 schedis
1269 3391 1270 3446 g

197 3441 228 3495 in
251 3442 400 3511 'publicum
428 3458 474 3496 eos
501 3441 639 3510 prodiisse
667 3441 798 3510 opineris.
845 3439 1011 3509 Quanquam
1038 3442 1124 3496 etiam
1154 3442 1213 3496 alia
1269 3451 1270 3512 t

198 3513 340 3638 pleraqupJ
351 3529 384 3568 eo
398 3513 429 3567 11
442 3512 515 3568 libro
530 3514 653 3567 ceterum
667 3511 877 3582 elegantissime
892 3513 996 3582 scripto
1015 3512 1121 3580 insunt,
1139 3529 1213 3582 quae
1269 3523 1270 3584 ζ

196 3601 253 3639 111
270 3601 320 3653 pro
342 3602 365 3640 o.
1269 3597 1270 3602 ’
