<?xml version="1.0" encoding="UTF-8"?>
<!DOCTYPE html PUBLIC "-//W3C//DTD XHTML 1.0 Transitional//EN"
    "http://www.w3.org/TR/xhtml1/DTD/xhtml1-transitional.dtd">
<html xmlns="http://www.w3.org/1999/xhtml" xml:lang="en" lang="en">
 <head>
  <title>
</title>
<meta http-equiv="Content-Type" content="text/html;charset=utf-8" />
  <meta name='ocr-system' content='tesseract 3.04.00' />
  <meta name='ocr-capabilities' content='ocr_page ocr_carea ocr_par ocr_line ocrx_word'/>
</head>
<body>
  <div class='ocr_page' id='page_1' title='image "./gaiinstitutionu00huscgoog_0042.png"; bbox 0 0 2552 4082; ppageno 0'>
   <div class='ocr_carea' id='block_1_1' title="bbox 195 275 1060 334">
    <p class='ocr_par' dir='ltr' id='par_1_1' title="bbox 195 275 1060 334">
     <span class='ocr_line' id='line_1_1' title="bbox 195 275 1060 334; baseline 0.001 -4"><span class='ocrx_word' id='word_1_1' title='bbox 195 276 245 330; x_wconf 84' lang='lat' dir='ltr'><strong>AD</strong></span> <span class='ocrx_word' id='word_1_2' title='bbox 266 275 385 332; x_wconf 80' lang='lat' dir='ltr'>GAIVM</span> <span class='ocrx_word' id='word_1_3' title='bbox 402 277 578 334; x_wconf 83' lang='lat' dir='ltr'><strong>PRAEFAT.</strong></span> <span class='ocrx_word' id='word_1_4' title='bbox 598 277 771 334; x_wconf 80' lang='lat' dir='ltr'>HVSGHKH</span> <span class='ocrx_word' id='word_1_5' title='bbox 788 277 845 332; x_wconf 85' lang='grc' dir='ltr'>ΕΙ).</span> <span class='ocrx_word' id='word_1_6' title='bbox 860 277 894 332; x_wconf 87' lang='lat' dir='ltr'><strong>V.</strong></span> <span class='ocrx_word' id='word_1_7' title='bbox 957 277 1060 332; x_wconf 87' lang='lat' dir='ltr'>XXXV</span> 
     </span>
    </p>
   </div>
   <div class='ocr_carea' id='block_1_2' title="bbox 61 445 1060 524">
    <p class='ocr_par' dir='ltr' id='par_1_2' title="bbox 61 445 1060 524">
     <span class='ocr_line' id='line_1_2' title="bbox 61 445 1060 524; baseline 0 -19"><span class='ocrx_word' id='word_1_8' title='bbox 61 447 103 506; x_wconf 88' lang='lat' dir='ltr'><strong>bus</strong></span> <span class='ocrx_word' id='word_1_9' title='bbox 129 447 267 522; x_wconf 86' lang='lat' dir='ltr'><strong>euiusque</strong></span> <span class='ocrx_word' id='word_1_10' title='bbox 295 445 328 522; x_wconf 76' lang='lat' dir='ltr'><strong>§i</strong></span> <span class='ocrx_word' id='word_1_11' title='bbox 354 449 502 507; x_wconf 77' lang='lat' dir='ltr'><strong>senteniia</strong></span> <span class='ocrx_word' id='word_1_12' title='bbox 529 449 713 523; x_wconf 73' lang='lat' dir='ltr'><strong>illustratur,</strong></span> <span class='ocrx_word' id='word_1_13' title='bbox 739 447 952 507; x_wconf 74' lang='lat' dir='ltr'><strong>iudicationem</strong></span> <span class='ocrx_word' id='word_1_14' title='bbox 975 465 1060 524; x_wconf 85' lang='lat' dir='ltr'><strong>sepa-</strong></span> 
     </span>
    </p>
   </div>
   <div class='ocr_carea' id='block_1_3' title="bbox 61 536 1057 684">
    <p class='ocr_par' dir='ltr' id='par_1_3' title="bbox 61 536 1057 684">
     <span class='ocr_line' id='line_1_3' title="bbox 61 536 1057 613; baseline 0.002 -20"><span class='ocrx_word' id='word_1_15' title='bbox 61 555 115 594; x_wconf 86' lang='lat' dir='ltr'><strong>rare</strong></span> <span class='ocrx_word' id='word_1_16' title='bbox 133 536 255 612; x_wconf 77' lang='lat' dir='ltr'>placuit,</span> <span class='ocrx_word' id='word_1_17' title='bbox 278 538 350 612; x_wconf 89' lang='lat' dir='ltr'><strong>quia</strong></span> <span class='ocrx_word' id='word_1_18' title='bbox 374 557 409 596; x_wconf 95' lang='lat' dir='ltr'><strong>ea</strong></span> <span class='ocrx_word' id='word_1_19' title='bbox 431 541 547 597; x_wconf 79' lang='lat' dir='ltr'><strong>ratione</strong></span> <span class='ocrx_word' id='word_1_20' title='bbox 570 540 602 596; x_wconf 91' lang='lat' dir='ltr'><strong>in</strong></span> <span class='ocrx_word' id='word_1_21' title='bbox 624 538 681 598; x_wconf 84' lang='lat' dir='ltr'><strong>hoe</strong></span> <span class='ocrx_word' id='word_1_22' title='bbox 704 539 847 613; x_wconf 75' lang='lat' dir='ltr'>scriptore</span> <span class='ocrx_word' id='word_1_23' title='bbox 866 539 965 612; x_wconf 79' lang='lat' dir='ltr'><strong>spatio</strong></span> <span class='ocrx_word' id='word_1_24' title='bbox 990 554 1057 595; x_wconf 85' lang='lat' dir='ltr'><strong>eou-</strong></span> 
     </span>
     <span class='ocr_line' id='line_1_4' title="bbox 61 624 290 684; baseline 0.004 -1"><span class='ocrx_word' id='word_1_25' title='bbox 61 626 107 683; x_wconf 87' lang='lat' dir='ltr'><strong>suli</strong></span> <span class='ocrx_word' id='word_1_26' title='bbox 126 624 290 684; x_wconf 78' lang='lat' dir='ltr'><strong>videbatur.</strong></span> 
     </span>
    </p>
   </div>
   <div class='ocr_carea' id='block_1_4' title="bbox 445 757 658 764">
    <p class='ocr_par' dir='ltr' id='par_1_4' title="bbox 445 757 658 764">
     <span class='ocr_line' id='line_1_5' title="bbox 445 757 658 764; baseline 0 0"><span class='ocrx_word' id='word_1_27' title='bbox 445 757 658 764; x_wconf 59' lang='lat' dir='ltr'><em>m</em></span> 
     </span>
    </p>
   </div>
   <div class='ocr_carea' id='block_1_5' title="bbox 60 919 1059 1106">
    <p class='ocr_par' dir='ltr' id='par_1_5' title="bbox 60 919 1059 1106">
     <span class='ocr_line' id='line_1_6' title="bbox 60 919 1059 1018; baseline 0 -33"><span class='ocrx_word' id='word_1_28' title='bbox 60 919 108 986; x_wconf 81' lang='lat' dir='ltr'><strong>EX</strong></span> <span class='ocrx_word' id='word_1_29' title='bbox 136 919 348 987; x_wconf 79' lang='lat' dir='ltr'>HVSOHXII</span> <span class='ocrx_word' id='word_1_30' title='bbox 374 920 685 1018; x_wconf 73' lang='lat' dir='ltr'><strong>PRAEFATIONE</strong></span> <span class='ocrx_word' id='word_1_31' title='bbox 718 920 779 988; x_wconf 87' lang='lat' dir='ltr'><strong>AD</strong></span> <span class='ocrx_word' id='word_1_32' title='bbox 810 919 1059 988; x_wconf 84' lang='lat' dir='ltr'><strong>EDITIONEM</strong></span> 
     </span>
     <span class='ocr_line' id='line_1_7' title="bbox 447 1023 892 1106; baseline 0.013 -12"><span class='ocrx_word' id='word_1_33' title='bbox 447 1027 657 1106; x_wconf 70' lang='lat' dir='ltr'><strong>QWNTAM</strong></span> <span class='ocrx_word' id='word_1_34' title='bbox 891 1023 892 1029; x_wconf 8' lang='grc' dir='ltr'>ἵ</span> 
     </span>
    </p>
   </div>
   <div class='ocr_carea' id='block_1_6' title="bbox 60 1193 1059 1986">
    <p class='ocr_par' dir='ltr' id='par_1_6' title="bbox 60 1193 1059 1986">
     <span class='ocr_line' id='line_1_8' title="bbox 112 1193 1056 1269; baseline 0 -17"><span class='ocrx_word' id='word_1_35' title='bbox 112 1194 215 1269; x_wconf 80' lang='lat' dir='ltr'><strong>Itaque</strong></span> <span class='ocrx_word' id='word_1_36' title='bbox 246 1195 308 1253; x_wconf 86' lang='lat' dir='ltr'><strong>iam</strong></span> <span class='ocrx_word' id='word_1_37' title='bbox 341 1194 378 1252; x_wconf 87' lang='lat' dir='ltr'><strong>ad</strong></span> <span class='ocrx_word' id='word_1_38' title='bbox 409 1195 533 1254; x_wconf 76' lang='lat' dir='ltr'><strong>ultimos</strong></span> <span class='ocrx_word' id='word_1_39' title='bbox 565 1197 650 1254; x_wconf 74' lang='lat' dir='ltr'><strong>vitae</strong></span> <span class='ocrx_word' id='word_1_40' title='bbox 677 1195 824 1254; x_wconf 78' lang='lat' dir='ltr'><strong>humanae</strong></span> <span class='ocrx_word' id='word_1_41' title='bbox 855 1193 966 1253; x_wconf 80' lang='lat' dir='ltr'><strong>limites</strong></span> <span class='ocrx_word' id='word_1_42' title='bbox 989 1212 1056 1269; x_wconf 89' lang='lat' dir='ltr'><strong>pro·</strong></span> 
     </span>
     <span class='ocr_line' id='line_1_9' title="bbox 61 1283 1059 1360; baseline 0 -20"><span class='ocrx_word' id='word_1_43' title='bbox 61 1285 145 1342; x_wconf 79' lang='lat' dir='ltr'><strong>vectus</strong></span> <span class='ocrx_word' id='word_1_44' title='bbox 171 1283 292 1342; x_wconf 70' lang='lat' dir='ltr'><strong>dimitto</strong></span> <span class='ocrx_word' id='word_1_45' title='bbox 322 1283 429 1342; x_wconf 81' lang='lat' dir='ltr'><strong>Gaium</strong></span> <span class='ocrx_word' id='word_1_46' title='bbox 460 1303 559 1343; x_wconf 90' lang='lat' dir='ltr'><strong>meum</strong></span> <span class='ocrx_word' id='word_1_47' title='bbox 591 1286 622 1343; x_wconf 78' lang='lat' dir='ltr'><strong>ei</strong></span> <span class='ocrx_word' id='word_1_48' title='bbox 648 1303 707 1344; x_wconf 90' lang='lat' dir='ltr'><strong>non</strong></span> <span class='ocrx_word' id='word_1_49' title='bbox 735 1286 799 1343; x_wconf 88' lang='lat' dir='ltr'><strong>sine</strong></span> <span class='ocrx_word' id='word_1_50' title='bbox 825 1302 938 1360; x_wconf 76' lang='lat' dir='ltr'><strong>magma¹</strong></span> <span class='ocrx_word' id='word_1_51' title='bbox 965 1283 1059 1340; x_wconf 90' lang='lat' dir='ltr'><strong>animi</strong></span> 
     </span>
     <span class='ocr_line' id='line_1_10' title="bbox 61 1373 1058 1451; baseline 0.002 -24"><span class='ocrx_word' id='word_1_52' title='bbox 61 1373 108 1443; x_wconf 83' lang='lat' dir='ltr'><strong>mei</strong></span> <span class='ocrx_word' id='word_1_53' title='bbox 131 1375 327 1432; x_wconf 76' lang='lat' dir='ltr'><strong>commotione</strong></span> <span class='ocrx_word' id='word_1_54' title='bbox 354 1373 422 1432; x_wconf 88' lang='lat' dir='ltr'><strong>vale</strong></span> <span class='ocrx_word' id='word_1_55' title='bbox 444 1375 473 1432; x_wconf 86' lang='lat' dir='ltr'><strong>ei</strong></span> <span class='ocrx_word' id='word_1_56' title='bbox 495 1373 574 1449; x_wconf 85' lang='lat' dir='ltr'><strong>dieo,</strong></span> <span class='ocrx_word' id='word_1_57' title='bbox 597 1376 742 1449; x_wconf 76' lang='lat' dir='ltr'><strong>tanquam</strong></span> <span class='ocrx_word' id='word_1_58' title='bbox 764 1375 811 1433; x_wconf 76' lang='lat' dir='ltr'><strong>tot</strong></span> <span class='ocrx_word' id='word_1_59' title='bbox 833 1392 886 1451; x_wconf 89' lang='lat' dir='ltr'><strong>per</strong></span> <span class='ocrx_word' id='word_1_60' title='bbox 909 1390 1001 1430; x_wconf 86' lang='lat' dir='ltr'><strong>annos</strong></span> <span class='ocrx_word' id='word_1_61' title='bbox 1024 1373 1058 1429; x_wconf 78' lang='lat' dir='ltr'><strong>ut</strong></span> 
     </span>
     <span class='ocr_line' id='line_1_11' title="bbox 60 1461 1057 1538; baseline -0.001 -20"><span class='ocrx_word' id='word_1_62' title='bbox 60 1463 164 1538; x_wconf 73' lang='lat' dir='ltr'><strong>vegetae</strong></span> <span class='ocrx_word' id='word_1_63' title='bbox 190 1461 237 1521; x_wconf 76' lang='lat' dir='ltr'><strong>ita</strong></span> <span class='ocrx_word' id='word_1_64' title='bbox 255 1461 352 1521; x_wconf 81' lang='lat' dir='ltr'><strong>&#39;nune&#39;</strong></span> <span class='ocrx_word' id='word_1_65' title='bbox 370 1461 531 1522; x_wconf 74' lang='lat' dir='ltr'><strong>deficientis</strong></span> <span class='ocrx_word' id='word_1_66' title='bbox 560 1465 668 1528; x_wconf 75' lang='lat' dir='ltr'><strong>eeiaiis</strong></span> <span class='ocrx_word' id='word_1_67' title='bbox 690 1463 749 1522; x_wconf 88' lang='lat' dir='ltr'><strong>fido</strong></span> <span class='ocrx_word' id='word_1_68' title='bbox 773 1463 868 1522; x_wconf 86' lang='lat' dir='ltr'><strong>amieo</strong></span> <span class='ocrx_word' id='word_1_69' title='bbox 892 1463 922 1520; x_wconf 80' lang='lat' dir='ltr'><strong>ei</strong></span> <span class='ocrx_word' id='word_1_70' title='bbox 945 1461 1057 1528; x_wconf 79' lang='lat' dir='ltr'><strong>comiti,</strong></span> 
     </span>
     <span class='ocr_line' id='line_1_12' title="bbox 61 1549 1056 1626; baseline 0.002 -20"><span class='ocrx_word' id='word_1_71' title='bbox 61 1551 102 1623; x_wconf 90' lang='lat' dir='ltr'><strong>qui</strong></span> <span class='ocrx_word' id='word_1_72' title='bbox 128 1569 281 1626; x_wconf 88' lang='lat' dir='ltr'><strong>nunquam</strong></span> <span class='ocrx_word' id='word_1_73' title='bbox 312 1570 373 1610; x_wconf 87' lang='lat' dir='ltr'><strong>nou</strong></span> <span class='ocrx_word' id='word_1_74' title='bbox 403 1552 471 1626; x_wconf 83' lang='lat' dir='ltr'><strong>plus</strong></span> <span class='ocrx_word' id='word_1_75' title='bbox 502 1551 637 1611; x_wconf 74' lang='lat' dir='ltr'><strong>beneficii</strong></span> <span class='ocrx_word' id='word_1_76' title='bbox 667 1553 757 1610; x_wconf 78' lang='lat' dir='ltr'><strong>utilia</strong></span> <span class='ocrx_word' id='word_1_77' title='bbox 788 1550 919 1611; x_wconf 80' lang='lat' dir='ltr'><strong>docendo</strong></span> <span class='ocrx_word' id='word_1_78' title='bbox 948 1552 978 1608; x_wconf 85' lang='lat' dir='ltr'><strong>et</strong></span> <span class='ocrx_word' id='word_1_79' title='bbox 1008 1549 1056 1608; x_wconf 89' lang='lat' dir='ltr'><strong>de·</strong></span> 
     </span>
     <span class='ocr_line' id='line_1_13' title="bbox 60 1632 1057 1716; baseline 0.003 -22"><span class='ocrx_word' id='word_1_80' title='bbox 60 1632 178 1698; x_wconf 76' lang='lat' dir='ltr'><strong>leeiandb</strong></span> <span class='ocrx_word' id='word_1_81' title='bbox 200 1641 235 1697; x_wconf 86' lang='lat' dir='ltr'><strong>in</strong></span> <span class='ocrx_word' id='word_1_82' title='bbox 257 1659 305 1698; x_wconf 90' lang='lat' dir='ltr'><strong>me</strong></span> <span class='ocrx_word' id='word_1_83' title='bbox 328 1641 469 1716; x_wconf 71' lang='lat' dir='ltr'><strong>eontulit,</strong></span> <span class='ocrx_word' id='word_1_84' title='bbox 497 1657 587 1716; x_wconf 90' lang='lat' dir='ltr'><strong>quam</strong></span> <span class='ocrx_word' id='word_1_85' title='bbox 611 1641 639 1698; x_wconf 83' lang='lat' dir='ltr'><strong>ei</strong></span> <span class='ocrx_word' id='word_1_86' title='bbox 666 1641 704 1700; x_wconf 87' lang='lat' dir='ltr'><strong>ab</strong></span> <span class='ocrx_word' id='word_1_87' title='bbox 727 1639 843 1700; x_wconf 86' lang='lat' dir='ltr'><strong>iniuriis</strong></span> <span class='ocrx_word' id='word_1_88' title='bbox 866 1639 1057 1698; x_wconf 86' lang='lat' dir='ltr'><strong>librariorum</strong></span> 
     </span>
     <span class='ocr_line' id='line_1_14' title="bbox 61 1727 1057 1805; baseline 0.003 -22"><span class='ocrx_word' id='word_1_89' title='bbox 61 1727 230 1803; x_wconf 82' lang='lat' dir='ltr'><strong>eiierumque</strong></span> <span class='ocrx_word' id='word_1_90' title='bbox 262 1728 445 1788; x_wconf 85' lang='lat' dir='ltr'><strong>defendendo</strong></span> <span class='ocrx_word' id='word_1_91' title='bbox 477 1729 642 1788; x_wconf 72' lang='lat' dir='ltr'><strong>retribuere</strong></span> <span class='ocrx_word' id='word_1_92' title='bbox 672 1729 767 1805; x_wconf 73' lang='lat' dir='ltr'><strong>potui.</strong></span> <span class='ocrx_word' id='word_1_93' title='bbox 818 1728 911 1788; x_wconf 82' lang='lat' dir='ltr'><strong>Serib.</strong></span> <span class='ocrx_word' id='word_1_94' title='bbox 934 1727 1057 1788; x_wconf 74' lang='lat' dir='ltr'><strong>Vraiisi.</strong></span> 
     </span>
     <span class='ocr_line' id='line_1_15' title="bbox 60 1813 1056 1897; baseline 0.007 -24"><span class='ocrx_word' id='word_1_95' title='bbox 60 1835 143 1875; x_wconf 83' lang='lat' dir='ltr'><strong>meuse</strong></span> <span class='ocrx_word' id='word_1_96' title='bbox 164 1816 266 1893; x_wconf 83' lang='lat' dir='ltr'><strong>Aprili</strong></span> <span class='ocrx_word' id='word_1_97' title='bbox 286 1819 380 1877; x_wconf 87' lang='grc'><strong>1885.</strong></span> <span class='ocrx_word' id='word_1_98' title='bbox 414 1813 511 1897; x_wconf 77' lang='lat' dir='ltr'><strong>[Obiit</strong></span> <span class='ocrx_word' id='word_1_99' title='bbox 529 1818 670 1886; x_wconf 79' lang='lat' dir='ltr'><strong>Huschke</strong></span> <span class='ocrx_word' id='word_1_100' title='bbox 689 1818 716 1876; x_wconf 85' lang='lat' dir='ltr'><strong>d.</strong></span> <span class='ocrx_word' id='word_1_101' title='bbox 737 1822 765 1878; x_wconf 83' lang='lat'><strong>9.</strong></span> <span class='ocrx_word' id='word_1_102' title='bbox 784 1817 940 1878; x_wconf 82' lang='lat' dir='ltr'><strong>Februarii</strong></span> <span class='ocrx_word' id='word_1_103' title='bbox 961 1817 1056 1891; x_wconf 73' lang='lat'>1886,</span> 
     </span>
     <span class='ocr_line' id='line_1_16' title="bbox 61 1902 888 1986; baseline 0.011 -26"><span class='ocrx_word' id='word_1_104' title='bbox 61 1907 133 1964; x_wconf 79' lang='lat' dir='ltr'><strong>uatus</strong></span> <span class='ocrx_word' id='word_1_105' title='bbox 155 1905 182 1964; x_wconf 85' lang='lat' dir='ltr'><strong>d.</strong></span> <span class='ocrx_word' id='word_1_106' title='bbox 203 1908 254 1966; x_wconf 80' lang='lat'><strong>26.</strong></span> <span class='ocrx_word' id='word_1_107' title='bbox 274 1907 354 1965; x_wconf 91' lang='lat' dir='ltr'><strong>Iunii</strong></span> <span class='ocrx_word' id='word_1_108' title='bbox 375 1902 483 1986; x_wconf 71' lang='lat'>1801]</span> <span class='ocrx_word' id='word_1_109' title='bbox 886 1949 888 1952; x_wconf 94' lang='lat'>-</span> 
     </span>
    </p>
   </div>
   <div class='ocr_carea' id='block_1_7' title="bbox 0 0 1280 4082">
    <p class='ocr_par' dir='ltr' id='par_1_7' title="bbox 0 0 1280 4082">
     <span class='ocr_line' id='line_1_17' title="bbox 0 0 1280 4082; baseline 0 0"><span class='ocrx_word' id='word_1_110' title='bbox 0 0 1280 4082; x_wconf 95' lang='lat' dir='ltr'><strong> </strong></span> 
     </span>
    </p>
   </div>
  </div>
 </body>
</html>
