2552 4082
217 229 259 294 36
518 228 581 284 333
599 227 727 283 msmr.
746 228 759 281 1
779 233 930 284 rso-rer.

214 392 276 458 133.
307 391 520 458 1Admonendi
546 398 648 457 comm
674 412 782 456 armus
808 391 938 456 litorum
965 412 1028 456 esse
1058 391 1211 456 arbitrium
1253 395 1254 422 ¹

213 484 249 562 ei,
269 483 323 564 qui
340 476 443 564 fitium
461 487 490 546 et
506 501 543 546 ea
561 503 593 546 oo
611 486 748 562 nepotem
766 483 802 544 in
815 487 964 562 potestate
980 481 1108 558 habebit,
1122 480 1212 562 fitium

212 572 336 654 quidem
360 571 398 635 de
413 576 562 654 potestate
584 567 762 648 atumem,
781 575 917 652 nepotem
939 591 1012 634 uero
1030 573 1066 634 in
1078 575 1214 651 potestate

211 662 358 725 retinere:
380 659 430 724 uct
451 681 488 724 ec
511 660 633 725 diuerso
655 658 758 741 fitium
780 659 905 740 quidem
931 660 967 722 in
984 663 1134 741 potestate
1153 660 1213 722 reti-

212 770 291 828 nere‚
314 755 451 831 nepotem
468 769 541 813 uero
560 749 784 826 manumittere,
802 747 851 812 uel
868 768 973 812 omnes
989 750 1041 812 sui
1059 750 1141 812 imis
1158 748 1213 828 eft

212 859 283 902 cere.
330 838 436 901 eadem
458 843 487 901 et
508 838 546 901 de
561 841 728 920 pronepote
750 837 835 900 dicta
857 857 919 902 esse
940 837 1154 919 inmttepemus.

278 925 342 989 134
367 923 548 990 ³Praeterea
560 931 707 1008 parentes
724 927 818 989 aiam
840 925 950 990 liberos
972 927 1008 990 in
1031 927 1212 1008 adoptionem
1255 985 1256 994 ,

213 1016 301 1078 datos
328 1016 364 1078 in
385 1020 534 1096 potestate
560 1015 669 1080 tabere
695 1015 848 1078 manunt.
893 1017 978 1078 etin
1000 1015 1067 1096 filio
1094 1016 1214 1096 quidem

213 1106 243 1168 si
274 1105 310 1166 in
343 1103 538 1186 adoptionem
570 1105 676 1181 datur,
708 1109 769 1168 tres
798 1105 1043 1186 manapationes
1064 1101 1068 1190 Ι
1089 1108 1122 1168 et
1148 1104 1215 1166 duae

215 1191 447 1256 intercedentes
463 1184 746 1257 'manumissiones
778 1193 913 1275 proinde
949 1193 1044 1274 fiunt,
1082 1215 1121 1257 ac
1155 1193 1214 1256 fieri

215 1282 328 1364 solent,
352 1303 425 1345 oum
449 1283 494 1345 ita
516 1303 590 1346 eum
613 1285 705 1366 pater
723 1281 762 1345 de
780 1285 940 1364 potestate
958 1281 1103 1365 dimittit,
1122 1285 1157 1344 nt
1174 1281 1215 1344 sni
1256 1283 1257 1328 i

215 1370 293 1433 iuris
317 1369 482 1434 efficiatur.
530 1370 643 1434 deinde
665 1373 721 1434 aut
743 1371 829 1453 patri
851 1371 1102 1453 remancipatur,
1131 1373 1161 1434 et
1182 1371 1214 1432 ab

215 1480 252 1522 eo
285 1459 326 1541 is,
359 1459 414 1542 qui
443 1459 588 1542 adoptat,
620 1459 762 1524 uindicat
793 1459 880 1542 apud
911 1463 1091 1542 praetorem
1123 1460 1215 1523 filium

215 1569 309 1611 snum
337 1569 418 1630 esse,
445 1551 486 1630 et
505 1548 561 1611 illo
590 1552 700 1611 contra
726 1569 793 1611 non
820 1549 1005 1612 uindicante
1032 1569 1053 1611 a
1081 1553 1216 1631 praetore

213 1637 391 1700 uindicanti
413 1637 499 1700 filius
522 1636 689 1719 addicitur,
712 1640 767 1700 aut
790 1659 856 1700 non
878 1637 1116 1720 remancipatur
1134 1638 1216 1721 patri,

214 1726 268 1790 sed
285 1727 325 1789 ab
344 1747 379 1790 eo
398 1726 596 1808 uindicatis,
615 1726 671 1808 qui
689 1725 826 1809 adoptat,
846 1727 933 1807 opud
951 1747 1045 1809 quem
1063 1727 1099 1789 in
1118 1723 1216 1790 uum

214 1815 450 1898 mancipatione
477 1819 539 1879 est:
576 1815 631 1879 sed
659 1836 734 1878 sane
762 1815 961 1880 commodius
990 1818 1038 1878 est
1067 1817 1153 1897 patri
1178 1837 1216 1878 re

215 1901 413 1986 mancipari.⁵
458 1905 492 1968 in
524 1905 637 1968 ceteris
669 1925 745 1968 uero
777 1904 952 1967 liberorum
979 1905 1139 1987 personis,
1170 1925 1217 1966 seu

215 1994 383 2057 masoidini
411 2014 467 2056 seu
494 1993 641 2057 feminini
664 2015 771 2075 sexus,
799 2013 863 2056 una
887 1993 1009 2056 sedicet
1031 1993 1216 2076 mancipatio

215 2081 343 2161 sufficit,
367 2085 399 2145 et
422 2085 478 2144 aut
499 2079 776 2164 remancipantur⁶
798 2083 924 2165 parenti
946 2085 1087 2145 autnon
1104 2103 1216 2145 reman-
1254 2043 1260 2200 ⁴

216 2167 386 2252 sipontur.⁶
430 2169 540 2233 eadem
577 2174 609 2234 et
645 2171 679 2234 in
714 2171 889 2254 prouinciis
926 2170 1012 2254 apud
1048 2170 1217 2253 praesidem

288 2397 313 2462 1)
331 2395 420 2463 suppl.
440 2413 458 2449 a
479 2395 877 2464 Goeseti.ea1nst.l‚12,7et
890 2399 956 2466 Dip.
973 2403 997 2464 1,
1009 2401 1032 2465 t,
1044 2402 1086 2451 28.
1146 2401 1171 2466 3)
1189 2396 1219 2449 de

215 2467 356 2534 potestate
379 2465 520 2520 dimittere
543 2468 611 2521 Inst.
634 2469 777 2535 potestate
800 2467 948 2521 demittere
966 2469 1033 2538 Dip.
1074 2470 1218 2535 0155134.

217 2539 243 2607 3)
264 2537 392 2590 ‘Initium
405 2538 454 2590 hoc
467 2538 634 2606 deperditum
648 2555 681 2592 ea
697 2539 844 2593 Gocsctem
861 2540 917 2606 tere
934 2541 1104 2594 restitutione
1117 2540 1155 2594 ad
1166 2557 1218 2594 sen-

207 2614 275 2663 sum
293 2607 532 2662 demonstrantium
549 2609 691 2678 suppleri!
711 2609 769 2662 Hm.
833 2612 861 2678 4)
870 2611 975 2678 partim
993 2627 1026 2664 ea
1045 2610 1178 2665 Soteurtii
1190 2610 1218 2676 ej.

217 2681 244 2746 ὅ)
262 2695 296 2734 33.
317 2679 351 2732 ab
370 2696 408 2745 eo,
426 2681 472 2732 eui
489 2681 521 2733 in
539 2680 712 2748 adoptionun
730 2679 847 2734 dotmns
865 2687 911 2747 est,
924 2698 957 2733 ne
976 2681 1062 2735 otiam
1071 2697 1219 2750 personam,

217 2752 262 2804 cui
275 2751 452 2818 mancipetur,
471 2751 596 2804 adhibere
609 2767 712 2805 necesse
725 2752 768 2804 sit.
784 2750 903 2817 Senmet,
917 2753 961 2806 De
974 2752 1061 2806 modis
1080 2753 1175 2807 liberos
1192 2753 1219 2804 in

217 2821 307 2890 adopt.
327 2822 422 2874 dandi.
442 2822 560 2893 Erlaup.
580 2825 660 2876 1851.
734 2823 760 2889 3)
779 2822 988 2892 remancipatur
1006 2820 1038 2876 V.

218 2949 429 2958 ..-.,--.

219 3040 242 3100 1,
263 3039 321 3087 rso.
351 3038 454 3101 a,141.
484 3040 508 3102 3,
529 3040 553 3088 o.
581 3041 606 3101 4,
627 3039 667 3087 33.
701 3034 738 3088 D.
759 3039 801 3100 33,
817 3039 841 3101 3,
857 3039 881 3101 3,
898 3041 912 3088 1
932 3035 1010 3104 (Uip.
1030 3037 1119 3105 2510).
1153 3035 1179 3089 c.
1198 3039 1220 3098 3,

217 3106 321 3174 48(43),
338 3110 352 3158 6
372 3107 407 3172 (a.
423 3107 493 3174 331).
517 3106 635 3176 Dionys.
651 3112 675 3172 2,
691 3110 732 3158 37.
762 3105 856 3158 Boett.
876 3106 893 3158 t.
913 3112 928 3158 2
948 3107 986 3158 ad
1006 3106 1059 3161 Oia.
1078 3113 1132 3176 top.
1151 3110 1219 3171 419

219 3179 257 3244 (p.
274 3180 335 3242 303,
351 3181 382 3228 17
393 3193 430 3244 su.
441 3177 480 3230 ed.
496 3178 611 3245 Baiter).
641 3176 668 3230 G.
684 3177 708 3230 I.
724 3176 757 3230 L.
773 3175 812 3229 VI
827 3181 894 3229 153⁷
910 3177 926 3229 l.
944 3183 977 3230 16
994 3177 1115 3246 (Bruns⁶
1128 3177 1142 3228 I
1155 3178 1219 3244 283).

289 3251 378 3311 erse.
400 3247 441 3313 cf.
459 3247 515 3301 cat
533 3248 594 3315 epu.
616 3253 639 3314 1,
655 3252 679 3313 o,
695 3252 718 3300 3.
743 3247 780 3300 1).
797 3251 839 3314 33,
854 3253 879 3314 4,
896 3252 910 3299 3
930 3247 1006 3315 (aar.
1023 3250 1093 3315 331).
1113 3253 1154 3315 33,
1168 3252 1220 3314 33

218 3317 353 3385 (Mureti.
374 3320 442 3386 121).
480 3323 522 3384 33,
543 3323 567 3385 3,
587 3324 602 3371 3
626 3319 703 3387 (Uip.
725 3319 811 3386 1101).
850 3321 892 3385 33,
912 3323 936 3384 3,
958 3324 981 3385 1,
1000 3324 1017 3371 4
1040 3319 1117 3387 (Uip.
1138 3322 1220 3384 1334).

219 3392 261 3454 33,
276 3392 301 3454 4,
317 3393 341 3452 e,
357 3393 372 3440 3
387 3388 478 3457 (Paul.
494 3391 564 3458 333).
585 3393 627 3455 33,
642 3394 666 3456 3,
681 3395 698 3442 4
712 3389 802 3457 (Mon.
819 3392 888 3458 11‘1).
909 3393 951 3456 33,
966 3396 991 3457 4,
1002 3395 1035 3443 21
1050 3390 1140 3459 (Moe.
1156 3393 1219 3455 ns).

290 3463 380 3522 5134.
401 3457 442 3525 Of.
457 3459 532 3513 Ptin.
551 3477 591 3527 ep.
610 3464 635 3527 8,
652 3464 693 3527 18,
708 3466 732 3513 4.
763 3459 831 3514 Geli.
851 3465 876 3528 5,
892 3466 933 3528 19,
949 3465 972 3513 3.
1001 3460 1072 3515 Suet.
1092 3462 1162 3532 Aup.
1181 3466 1220 3512 64.

220 3526 275 3581 cic.
289 3529 322 3581 oe
335 3528 382 3594 pu.
400 3535 422 3595 1,
439 3534 462 3596 3,
478 3537 519 3583 34.
549 3532 618 3584 Teu.
633 3531 738 3602 apotoy.
754 3536 778 3598 3,
795 3536 817 3582 3.
841 3532 865 3584 Ι.
883 3537 910 3598 1,
927 3536 973 3598 33,
988 3537 1012 3585 e.
1039 3532 1066 3587 0.
1082 3537 1107 3600 3,
1123 3533 1221 3601 4333),

221 3603 252 3650 11
273 3599 308 3667 (a.
325 3601 394 3666 333).
422 3600 500 3665 unfra
519 3607 618 3669 a,141.
639 3607 664 3668 3,
680 3607 703 3654 o.
724 3607 749 3668 4,
765 3606 806 3655 33.
