2552 4082
184 241 275 296 XXVI
348 241 398 294 AD
418 241 536 296 GAIVM
553 239 729 296 Pausian.
748 240 801 296 HV
802 239 921 295 SCHKH
938 239 997 299 ΕΙ).
1011 237 1032 294 1.

182 411 238 487 qui
261 412 341 487 ipsas
364 429 419 488 ree,
443 430 478 470 ex
497 409 604 486 quibus
623 413 800 488 argumenta
818 409 966 486 duximus,
989 411 1071 469 recto
1089 409 1202 468 iudicio

186 500 384 576 perpenderit.

251 588 317 646 Iam
339 591 365 648 si
387 589 443 648 hoc
467 588 535 647 Gaii
557 589 725 666 ingenium,
752 589 778 648 si
805 589 865 646 tale
892 589 986 647 totius
1009 589 1091 648 vitae
1113 589 1203 648 insti

183 679 287 736 tutum
315 683 392 752 erat,
424 680 459 736 ut
486 679 578 736 etiam
605 677 784 736 discriminis
812 679 896 754 origo
924 695 1040 751 eorum,
1073 679 1126 752 qui
1152 678 1202 734 ius

184 767 303 842 publice
331 765 542 842 responderent
569 767 599 825 et
627 767 679 841 qui
705 767 825 825 tantum
851 765 991 824 docerent
1019 757 1107 846 (Gell.
1131 765 1149 823 l.
1174 784 1200 824 c.

186 851 244 914 ‘ius
263 854 380 931 publice
399 855 568 914 docentium
590 857 652 914 aut
674 850 937 931 respondentium’,
960 854 1008 913 Pr.
1032 853 1102 912 Vat.
1128 855 1202 913 150.

183 942 218 1001 L.
243 945 261 1001 6
287 942 305 1018 ξ
328 946 368 1001 12
392 943 428 1002 D.
452 944 488 1003 de
512 963 606 1004 exous.
632 945 684 1018 27,
705 948 732 1002 1.
756 943 789 1002 L.
812 947 827 1001 1
849 941 868 1018 ἓ
889 943 907 1001 5
932 943 968 1001 D.
993 943 1029 1000 de
1052 944 1203 1002 extraord

185 1051 271 1110 cogn.
292 1033 343 1106 50,
360 1025 414 1113 13)
439 1032 476 1090 ab
499 1051 534 1091 eo
557 1034 746 1108 potissimum
768 1032 930 1108 repetenda
952 1032 1102 1106 sideritim,
1129 1032 1204 1107 quid

186 1123 298 1180 mirum
321 1123 374 1195 est,
398 1121 477 1196 quod
499 1140 595 1199 neque
618 1140 760 1198 responsa
782 1121 879 1180 dando
898 1122 972 1180 iuris
991 1123 1095 1180 auctor
1116 1122 1203 1180 habi-

184 1212 233 1268 tus
267 1211 312 1268 est
342 1229 437 1286 neque
469 1212 502 1268 iu
531 1212 729 1286 posteriorum
757 1211 840 1268 libris
868 1207 1030 1270 laudatus?
1067 1208 1152 1278 Quod
1175 1211 1202 1268 is

187 1298 316 1374 quidem,
335 1300 361 1356 si
379 1301 504 1358 mortuis
522 1319 569 1358 res
587 1300 732 1358 humanas
751 1299 855 1357 datum
873 1302 950 1358 esset
968 1301 1086 1373 sentire,
1106 1289 1202 1374 aequo

184 1389 286 1446 animo
322 1390 440 1463 poterat
476 1389 561 1447 ferre.
616 1389 695 1446 Nam
731 1391 920 1464 quotcunque
958 1388 1034 1447 iuris
1067 1391 1202 1447 auctores

186 1479 291 1553 postea
319 1479 410 1535 etiam
437 1476 645 1536 Institutiones
668 1479 863 1554 scripserunt,
891 1477 977 1536 velut
1000 1476 1202 1550 Callistratus,

184 1565 362 1639 MarciauuS,
385 1565 582 1640 Florentium,
605 1566 737 1641 Paullus,
758 1566 914 1642 UlpianuS,
936 1585 1023 1625 nemo
1043 1585 1146 1624 eorum
1164 1566 1204 1624 ad

186 1653 368 1713 Gaianarum
391 1655 510 1713 laudem
534 1655 680 1730 aspiravit
701 1657 816 1729 locove,
845 1674 933 1730 quem
959 1654 991 1714 in
1020 1655 1128 1714 scholis
1151 1655 1203 1714 ob·

184 1745 352 1818 tinuersmt,
380 1744 536 1803 deturbare
564 1762 613 1802 eas
641 1744 746 1803 valuit.
796 1743 838 1802 At
865 1742 956 1803 Gaius
983 1747 1052 1820 post
1084 1744 1203 1820 aliquot

185 1835 304 1892 saecula
332 1836 481 1892 assecutus
510 1836 567 1908 est,
594 1836 629 1892 ut
657 1835 718 1892 eius
741 1833 824 1906 libri,
854 1834 984 1908 primum
1006 1832 1066 1907 illi,
1094 1833 1203 1908 quiin

185 1922 294 1982 scholis
331 1923 550 1996 tractabantur,
586 1923 740 1981 hominum
774 1922 876 1980 favore
913 1925 943 1980 et
980 1921 1203 1996 consuetudine,

185 2011 291 2069 deinde
318 2013 410 2068 etiam
438 2013 528 2069 ceteri
555 2030 655 2070 omnes
682 2012 748 2088 lege
775 2011 838 2070 lata
866 2010 989 2070 eandem
1020 2013 1053 2069 in
1082 2009 1202 2070 iudiciis

186 2102 396 2158 auctoritatem
420 2100 599 2174 obtinerent,
623 2099 699 2175 quae
722 2099 902 2176 Papiniano,
926 2099 1046 2174 Paullo,
1069 2099 1202 2175 Ulpiano

184 2191 247 2246 iam
270 2191 358 2246 antea
381 2189 582 2263 competierat.
632 2189 711 2246 Nam
732 2188 961 2248 Valentinianus
988 2188 1021 2246 L.
1047 2191 1065 2247 3
1095 2189 1149 2247 Th.
1170 2187 1202 2247 0.

185 2277 221 2334 de
244 2295 320 2351 resp.
343 2276 427 2350 prud.
448 2268 496 2356 (1,
512 2269 546 2357 4)
571 2296 638 2336 cum
662 2277 704 2336 eit
736 2296 766 2336 se
789 2276 960 2353 Papiniani,
984 2277 1097 2351 Paulli,
1121 2276 1201 2353 Gaii,

186 2364 310 2440 Ulpiani
337 2367 427 2439 atque
450 2364 609 2424 Modestini
636 2368 748 2441 scripta
775 2365 914 2425 universa
936 2366 1063 2440 firmare,
1088 2362 1144 2424 ‘ita
1167 2370 1203 2442 ut

186 2453 307 2530 Gaium,
336 2473 412 2528 quae
434 2453 574 2512 Paullum
602 2455 632 2512 et
659 2453 822 2530 Ulpianum
845 2457 875 2514 et
898 2458 1019 2514 cunctos
1043 2455 1204 2514 comitetur

186 2545 349 2618 auctoritas
371 2544 570 2618 lectionesque
590 2544 724 2601 exomni
747 2543 809 2601 eius
833 2562 922 2620 opere
939 2540 1122 2618 recitentur'‚
1141 2564 1203 2603 uon

185 2624 308 2690 obscure
331 2631 480 2709 significat
503 2632 649 2707 quaedam
673 2630 741 2690 Gaii
764 2632 875 2708 scripta
897 2632 959 2690 iam
985 2635 1056 2692 tunc
1085 2652 1202 2692 summo

186 2721 285 2780 studio
310 2723 340 2778 et
362 2721 532 2780 indubitata
555 2721 733 2780 auctoritate
756 2721 877 2780 recitari
900 2721 989 2780 sol'ta
1012 2740 1087 2796 esse,
1107 2741 1203 2797 eaque

187 2812 254 2885 quis
278 2809 396 2868 dubitat
419 2813 537 2886 praeter
558 2829 605 2869 res
629 2810 826 2886 quotidianae,
851 2829 927 2885 quae
950 2812 1035 2869 tanto
1053 2809 1086 2871 in
1103 2811 1203 2887 pretio

186 2897 385 2972 habebantur,
413 2901 448 2958 ut
475 2917 632 2957 aureorum
661 2919 768 2958 nomen
790 2903 950 2973 mererent,
982 2899 1073 2958 fuisse
1101 2903 1204 2959 omnia

186 2985 385 3046 scholastica?
413 2989 493 3062 quod
520 2988 611 3046 etiarn
639 2987 766 3048 Collatio
794 2989 962 3064 confirmat,
993 2990 1094 3065 paullo
1123 2992 1203 3062 ante,

186 3079 223 3134 ut
245 3077 371 3147 videtur,
396 3079 569 3152 composita,
593 3079 677 3136 cuius
701 3081 805 3136 auctor
822 3079 901 3138 inter
919 3080 1051 3154 quinque
1069 3079 1202 3137 illustres

186 3165 403 3226 iureconsultos
427 3168 518 3224 etiam
542 3165 609 3224 Gaii
632 3166 760 3242 scriptis,
783 3167 833 3226 sed
856 3171 957 3226 tamen
974 3169 1094 3226 tantum
1112 3165 1202 3226 Insti-
1267 3187 1268 3264 q

186 3255 354 3312 tutionibus
378 3257 440 3312 eius
463 3273 533 3313 usus
557 3256 610 3313 est.

256 3342 314 3400 Sed
340 3343 372 3400 in
399 3343 445 3401 his
473 3345 559 3418 ipsiu,
588 3363 662 3418 quas
690 3343 819 3418 edimus,
851 3347 885 3402 ut
912 3363 990 3404 nunc
1016 3345 1118 3420 paullo
1146 3343 1202 3402 im·

186 3450 349 3504 moremur,
372 3431 436 3490 iure
459 3431 566 3490 dixeris
589 3433 818 3508 praeclariorem
841 3432 876 3490 de
898 3435 963 3492 iure
986 3434 1068 3492 civili
1090 3434 1202 3492 librum

188 3519 366 3579 discentium
388 3521 420 3578 in
443 3539 530 3582 usum
547 3541 702 3596 nunquam
720 3521 863 3596 scriptum
883 3521 982 3595 fuisse,
1006 3525 1067 3581 sive
1086 3522 1202 3582 dotium
1267 3539 1268 3592 1

188 3611 251 3668 eius
287 3610 491 3669 excellentiam
532 3613 594 3670 sive
631 3609 787 3667 mirificam
818 3609 932 3668 fructus
968 3609 1136 3670 ubertatem
1172 3615 1202 3672 et
