2552 4082
224 277 275 332 AD
295 277 413 332 aAIVM
430 277 607 332 Panassa.
627 275 801 333 HVSCHKII
818 277 874 332 ΕΙ).
890 277 910 331 1.
1036 275 1075 332 XI

61 448 154 506 libros
184 466 218 506 ex
246 445 280 516 Q.
307 447 408 507 Muoio
436 447 570 507 ediderat
600 439 739 529 (1,188)
772 449 802 506 61
831 448 960 506 edietum
983 448 1076 506 inter·

61 539 193 614 pretatus
220 539 287 596 erat
314 528 471 618 (1,188),
500 536 580 612 quod
607 537 782 612 simpliciter
813 535 926 595 dietum
957 538 1077 595 nonnisi

61 625 194 684 urbioum
216 644 278 685 6666
301 628 409 701 potest,
432 628 468 684 ut
489 627 561 683 libri
579 625 618 684 ad
636 625 767 684 edietum
784 625 922 684 urbioum
939 625 1076 702 intellegi

61 714 195 789 debeant,
219 714 325 790 quibus
348 716 420 774 solis
443 716 534 773 etiam
557 713 702 773 eiusmodi
729 705 835 795 (quarn
857 715 901 773 ibi
923 706 1010 795 11011)
1039 713 1075 772 16

61 805 223 862 tutelarum
245 803 391 863 divisione
415 803 584 878 disquisitio
608 806 704 881 magis
728 803 766 862 ad
790 803 862 862 artis
886 803 1076 880 disoiplinam

62 911 151 968 quam
169 893 206 951 ad
224 893 284 951 fori
301 912 388 952 usum
406 895 557 969 pertinens
581 893 728 967 convenit,
747 891 965 968 eorundemque
984 893 1076 951 etiam

61 982 175 1057 proprii
197 981 233 1040 de
252 981 397 1040 bonorum
415 981 648 1057 possessionibus
668 981 874 1040 commentarii
896 1001 966 1057 pare
984 982 1075 1040 fuisse

62 1071 207 1146 videntur,
230 1090 304 1146 quos
327 1071 433 1129 laudat
457 1073 485 1145 3,
502 1072 542 1129 33
559 1063 640 1151 (54).
686 1071 829 1145 sequitur,
847 1072 882 1129 ut
902 1066 1077 1146 ‘imperator

62 1155 180 1234 noster',
204 1178 293 1234 quem
315 1161 347 1217 in
370 1159 416 1219 his
439 1160 523 1218 libris
542 1159 647 1218 laudat
664 1158 697 1217 L.
719 1161 759 1217 73
779 1157 798 1234 ξ
820 1163 836 1216 1
871 1159 907 1218 D.
923 1159 958 1218 16
973 1160 1029 1237 leg.
1047 1163 1075 1233 1,

63 1249 152 1306 fuerit
186 1248 223 1306 D.
255 1247 335 1307 Pius.
395 1248 553 1307 Praeterea
589 1251 657 1325 post
694 1248 810 1306 obitum
846 1247 993 1307 Antonini
1029 1247 1076 1306 Pii

62 1340 184 1412 scriptos
216 1355 279 1397 6666
311 1338 403 1396 libros
435 1337 508 1396 duos
544 1336 850 1411 fideioommissorum,
888 1339 1005 1397 constat
1041 1357 1076 1395 ex

61 1425 93 1484 L.
114 1428 154 1485 90
191 1426 226 1484 D.
247 1427 282 1485 de
301 1426 413 1486 condio.
432 1429 463 1486 61
481 1426 557 1485 dem.
576 1417 643 1506 (35,
665 1419 707 1506 1),
730 1425 763 1483 L.
784 1427 824 1484 96
850 1426 885 1484 1).
905 1426 941 1485 16
964 1427 1021 1504 leg.
1047 1427 1076 1500 3,

62 1515 93 1573 L.
114 1516 152 1574 63
177 1514 197 1589 ἓ
218 1516 237 1574 5
274 1515 310 1572 D.
336 1514 551 1574 61811161).
572 1507 702 1596 (36,1);
725 1515 805 1574 idem
828 1515 863 1573 de
886 1515 970 1575 libris
990 1517 1076 1590 quin·

62 1603 153 1662 desim
182 1603 221 1662 ad
248 1604 352 1682 legem.
371 1603 480 1663 Iuliam
514 1607 544 1662 et
575 1603 702 1680 Papiam
734 1607 812 1663 oerte
844 1597 1076 1681 posterioribus1
1133 1627 1135 1631 ·

61 1696 142 1766 patet
169 1711 205 1751 ex
227 1691 260 1750 L.
282 1695 322 1751 56
356 1693 392 1750 D.
416 1693 452 1752 de
470 1694 527 1771 leg.
548 1695 566 1751 2
591 1696 621 1752 et
644 1694 680 1752 de
703 1693 788 1752 libris
812 1693 1012 1770 singularibus
1037 1692 1076 1752 ad

61 1780 112 1840 SC.
136 1781 355 1840 Tertullianum
383 1785 413 1840 et
440 1781 555 1841 6180.
593 1781 803 1857 Orphitianum
827 1783 937 1840 6118
961 1783 1076 1840 laetum

61 1891 95 1928 ex
116 1870 147 1928 L.
174 1872 193 1929 8
218 1873 249 1930 61
273 1873 291 1929 9
329 1871 364 1928 D.
391 1871 428 1929 ad
452 1869 505 1929 SC.
530 1871 652 1930 Tertull.
680 1863 832 1952 (38,17).
885 1869 989 1930 Cetera
1012 1871 1075 1930 eius

61 1963 169 2035 scripta
202 1960 322 2035 quando
350 1959 430 2019 edita
457 1961 584 2038 fuerint,
617 1963 670 2019 aut
697 1960 870 2036 disputatur
902 1962 955 2018 aut
986 1960 1075 2036 plane

61 2051 204 2107 incertum
227 2052 279 2108 est.
327 2048 384 2107 Sed
407 2049 498 2108 libros
521 2050 649 2127 triginta
671 2049 728 2123 vel,
752 2050 971 2108 connumeratis
990 2048 1075 2107 libris

61 2138 97 2195 ad
122 2138 254 2197 edietum
282 2138 423 2196 aedilium
451 2139 611 2212 curulium,
639 2138 767 2216 triginta
794 2138 852 2196 duo
881 2137 919 2196 ad
946 2137 1076 2196 edietum

61 2227 242 2301 provinoiale
274 2229 305 2285 et
336 2227 416 2304 ipsos
453 2230 522 2303 post
553 2227 760 2286 Institutiones
798 2226 976 2303 compositos
1014 2245 1075 2285 esse

61 2317 129 2374 item
156 2317 231 2375 satis
259 2317 326 2374 tuto
354 2319 485 2375 statuere
513 2317 597 2392 lieet,
629 2336 689 2374 non
716 2318 836 2375 tantum
865 2316 935 2391 quia
962 2317 1075 2374 maiore

60 2406 94 2463 iis
117 2404 329 2481 componendis
353 2423 427 2481 opus
451 2407 516 2464 erat
538 2424 594 2464 usu
617 2408 647 2465 et
666 2405 848 2481 experientia
866 2406 925 2464 fori
948 2396 1076 2485 (utnon

60 2496 157 2570 inepte
190 2493 304 2552 iudicat
332 2493 448 2553 Stieber
475 2495 513 2552 ad
537 2494 673 2553 Wenokii
700 2511 799 2570 opuso.
822 2514 851 2570 p.
865 2486 991 2572 XXIX),
1024 2494 1076 2552 sed

60 2585 149 2641 etiam
174 2574 268 2663 (quod
291 2602 337 2641 me
360 2586 487 2641 maxime
511 2575 625 2664 movet)
654 2585 725 2658 quia
748 2583 825 2642 libro
848 2583 871 2640 I.
891 2582 923 2641 L.
945 2585 987 2641 30
1010 2581 1030 2656 ξ
1055 2586 1074 2641 2

59 2671 91 2730 D.
114 2672 151 2730 de
175 2673 273 2747 pactis
297 2664 414 2753 (2,.14)
439 2673 618 2730 sententiam
635 2673 742 2746 reiioit,
762 2691 852 2747 quam
870 2672 942 2730 Inst.
964 2673 1072 2746 3,179

59 2763 237 2834 tentaverat,
259 2763 289 2818 61
307 2761 383 2820 libro
403 2761 454 2818 Vl.
473 2759 506 2820 L.
528 2762 545 2819 3
570 2761 606 2818 Ι).
626 2761 661 2819 16
680 2761 777 2820 hered.
796 2763 855 2836 pet.
875 2753 920 2841 (5,
937 2752 970 2841 3)
994 2780 1075 2819 men·

60 2851 170 2908 tionem
193 2849 284 2908 habet
305 2849 447 2909 heredum
471 2869 506 2908 ex
529 2850 793 2909 senatusoonsultis
821 2842 1021 2930 (Tertulliano
1045 2853 1076 2908 et

59 2931 266 3019 Orphitiano):
284 2958 338 2998 neo
356 2939 443 2998 facile
461 2937 534 2998 Inst.
556 2940 663 3012 1,188
683 2939 859 3015 simpliciter
877 2938 967 2997 edioti
984 2941 1075 2996 inter-

59 3029 258 3103 pretationem
276 3027 436 3102 laudasset,
455 3029 482 3086 si
499 3031 563 3086 tum
578 3030 640 3086 iam
658 3031 817 3103 utrumque
836 3028 965 3086 edietum
982 3029 1075 3086 inter·

59 3250 141 3302 quem
160 3233 260 3286 dieunt
278 3232 410 3286 notitiam
427 3232 533 3286 nullius
547 3232 682 3286 momenti
701 3249 761 3286 6666
776 3233 977 3286 demonstravit
990 3233 1075 3303 Kipp,

60 3304 330 3358 Litisdenuntiation
347 3305 439 3374 (1881)
458 3321 485 3372 p.
502 3308 552 3356 175
564 3305 624 3374 sq.].

129 3379 155 3446 1)
177 3375 299 3441 Quidam
318 3375 393 3429 enim
411 3375 447 3428 61
470 3375 521 3428 hos
539 3375 627 3429 libros
646 3375 771 3428 referunt
788 3375 916 3444 proprios
936 3391 1075 3430 commen-

59 3447 152 3514 tarios,
173 3463 294 3515 quorum
312 3445 373 3500 Gai.
394 3452 418 3514 3,
431 3452 465 3500 34
484 3446 620 3500 meminit.
659 3445 713 3500 Sed
732 3463 795 3500 oum
813 3447 859 3500 lex
876 3447 966 3516 Papia
984 3447 1076 3501 multa

60 3517 115 3572 alia
133 3521 255 3585 caveret,
278 3517 324 3572 vix
344 3517 378 3571 de
396 3517 441 3572 bis
459 3518 554 3586 potest
572 3517 699 3572 sensisse.
741 3517 840 3571 Malim
859 3517 947 3586 igitur
964 3517 1074 3572 intelle·

61 3606 122 3658 gere
146 3589 364 3644 commentarios
390 3588 425 3642 de
452 3587 589 3642 bonorum
607 3587 838 3658 possessionibus,
859 3607 928 3658 quos
943 3589 1001 3642 iam
1014 3589 1075 3642 lau·
1175 3607 1177 3614 ·

61 3661 173 3716 devorat
188 3667 214 3728 3,
230 3666 264 3713 33
283 3676 456 3727 quorumque
475 3677 540 3729 pare
555 3660 593 3713 ad
610 3661 685 3713 bona
703 3659 868 3714 libertorum
887 3661 1042 3729 spectabat.
