2552 4082
236 241 287 314 Au
307 241 426 296 GAIVM
444 240 621 296 PRAEFAT.
640 239 813 296 HVSCHKII
831 240 888 294 ΕΙ).
904 239 924 294 I.
1010 239 1089 294 XXV

84 431 191 488 quoque
213 413 371 488 persuasit,
389 412 490 484 otiis,
509 430 585 486 quae
603 413 675 470 tune
694 413 779 469 erant
797 409 963 468 studiorum
981 411 1091 486 spatia,

83 520 168 560 novus
191 518 286 560 annus
310 502 396 575 quasi
416 499 634 576 praeficeretur,
656 501 741 574 isque
760 501 871 576 partim
888 497 1091 558 Institutioni-

81 591 132 648 bus
153 591 264 666 partim
286 592 429 665 quattuor
452 589 536 648 libris
560 587 760 667 singularibus
784 591 985 664 occuparetur.
1032 587 1091 647 Sed

82 680 133 738 etsi
157 680 289 756 placeat,
317 678 397 753 quod
424 679 527 738 multis
555 697 590 736 ex
618 677 714 737 causis
742 677 904 736 verisimile
936 679 994 751 cst,
1028 678 1090 736 iam

80 772 145 827 tum
159 771 228 827 ante
243 767 373 827 edictum
382 769 529 842 praetoris
539 769 586 826 ius
597 767 684 826 civile
700 786 734 825 ex
750 765 836 826 libris
845 765 970 825 Masurii
985 765 1090 824 Sabini

81 859 209 916 semestm'
238 875 327 916 cursu
355 856 500 915 traditum
529 875 604 932 esse,
631 857 676 915 ita
704 873 821 931 quoque
850 853 942 914 Gaius
969 855 1015 914 his
1045 854 1090 912 in·

80 947 190 1006 condite
214 945 333 1021 scriptis
362 945 449 1004 libris
477 963 544 1004 suas
572 945 665 1004 vicini
691 945 861 1022 argumenti
882 943 1091 1004 Institutiouos

80 1038 107 1094 ct
123 1035 213 1095 libros
233 1035 400 1112 singulares
407 1026 428 1108 1,
447 1034 552 1094 dehinc
567 1035 638 1094 anui
652 1053 735 1110 opus,
749 1025 956 1110 subrogand0²
978 1035 1091 1109 optime

80 1123 112 1182 de
132 1124 239 1184 studiis
267 1125 341 1182 iuris
370 1123 466 1182 civilis
494 1124 618 1182 meritus
646 1125 704 1196 cst,
731 1141 784 1181 nec
808 1123 927 1181 omnino
951 1121 1089 1180 dubitau-

79 1213 144 1272 dum
166 1213 242 1273 Gaio
265 1214 403 1288 inprimis
427 1211 528 1272 deberi
550 1232 618 1272 eum
641 1210 807 1272 studiorum
831 1211 977 1286 ordinem,
1000 1231 1089 1288 quem

14 1311 15 1322 ³
78 1302 258 1362 lastinianus
281 1300 376 1360 tradit
397 1303 570 1378 primusque
593 1319 694 1360 rursus
722 1301 877 1376 cumipse
905 1301 1001 1360 edicto
1025 1319 1089 1376 per-

78 1395 161 1468 petuo
189 1390 372 1450 immutavit.
423 1391 464 1449 lit
491 1409 561 1450 sano
588 1391 818 1450 cousentaneum
846 1392 924 1464 erat,
953 1391 1030 1449 sicut
1058 1391 1090 1448 in

14 1477 15 1480 ’
78 1483 170 1557 prima
193 1482 295 1540 aetate
318 1479 423 1556 populi
445 1479 573 1538 Romani
596 1479 751 1538 duodecim
773 1477 944 1538 tabulamm
962 1479 1091 1553 libellus,

78 1572 125 1645 qui
151 1590 220 1630 oum
247 1568 406 1646 pubertate
434 1571 496 1628 eius
518 1568 685 1644 prodierat,
709 1570 833 1626 exemto
856 1567 973 1626 demum
996 1566 1091 1625 libera

76 1679 132 1736 rep.
155 1660 254 1718 edicto
277 1659 424 1734 praetoris
448 1659 589 1732 cesserat,
617 1659 709 1716 etiam
735 1659 767 1714 in
796 1657 890 1716 altera
914 1658 1012 1715 aetate
1035 1657 1089 1714 irn-

77 1749 160 1825 perii,
193 1767 271 1824 quae
304 1747 368 1806 eius
399 1748 432 1804 in
459 1746 616 1823 pubertate
648 1747 776 1804 maxime
806 1743 875 1803 Gaii
901 1740 1020 1822 scriptis
1052 1744 1090 1802 ad
1143 1743 1154 1756 '

77 1837 247 1896 discendum
270 1837 436 1912 composita
458 1838 524 1894 erat
545 1835 792 1911 imisprudentia
821 1836 946 1893 exeunte
970 1834 1089 1892 demum

77 1927 200 2002 imperio
223 1925 386 1984 Iustiniani
408 1943 503 1984 novae
522 1925 732 2001 compositioni
751 1922 860 1982 cedere.
906 1922 957 1996 At,
980 1924 1089 1998 inquis,

76 2015 270 2074 haecomnia
294 2015 381 2072 certis
405 2015 585 2073 testimoniis
613 2031 673 2072 uon
701 2014 846 2071 nituntur.
892 2010 1004 2086 Audi03
1038 2011 1091 2071 sed

78 2106 237 2164 maximam
269 2121 304 2160 ea
336 2102 444 2162 habere
474 2102 720 2179 probabilitatem
746 2120 807 2160 non
838 2101 927 2159 facile
959 2099 1089 2178 negabit,

143 2276 169 2344 1)
188 2272 221 2326 Iu
239 2271 339 2341 vulgus
358 2273 457 2324 notum
476 2274 519 2325 est
537 2271 567 2324 in
585 2271 665 2325 libris
685 2272 721 2324 ad
744 2270 879 2324 Sabinum
901 2268 1035 2324 materias
1054 2269 1090 2321 de

75 2343 263 2409 testamentis,
289 2344 323 2396 de
345 2342 449 2411 legatis
473 2343 518 2412 (de
541 2359 635 2396 rerum
658 2341 891 2411 acquisitionibus
915 2343 943 2394 ot
966 2341 1002 2394 de
1025 2357 1090 2394 con-

75 2416 235 2486 tractibus),
260 2415 295 2468 de
318 2413 383 2472 dote
408 2415 437 2466 et
460 2413 495 2468 dc
517 2413 614 2468 tutelis
640 2413 796 2483 principem
814 2413 907 2466 locum
926 2411 1089 2465 obtinuisse.
1129 2460 1131 2465 s

75 2487 130 2541 Iam
149 2504 216 2540 oum
235 2501 281 2553 aa,
309 2484 435 2552 quaein
458 2485 560 2539 scholis
583 2484 728 2554 leguntur,
755 2501 818 2538 raro
845 2482 952 2538 absolvi
971 2483 1090 2547 soleant,

75 2559 158 2612 eliam
177 2557 230 2611 has
248 2557 382 2610 materias
401 2555 483 2622 solas,
503 2555 638 2624 quamdiu
657 2572 691 2610 ex
710 2555 813 2610 Sabino
832 2555 877 2609 ins
896 2553 978 2608 civile
996 2553 1091 2608 trade-

75 2632 162 2696 retur,
186 2629 324 2682 tractatae
349 2643 409 2682 esse
431 2645 551 2697 pronum
574 2628 610 2682 ad
634 2627 852 2681 existimandum
878 2627 928 2682 est.
967 2624 1047 2690 Quod
1066 2624 1090 2676 si

74 2701 214 2770 ponimus,
233 2715 306 2753 nova
325 2697 444 2752 docendi
462 2699 535 2752 ratio
554 2715 571 2752 a
589 2697 660 2752 Gaio
679 2698 811 2752 instituta
834 2713 920 2766 quam
937 2695 1053 2749 minime
1073 2711 1091 2748 a

74 2775 165 2826 vetere
185 2769 308 2838 deflexit,
327 2770 474 2839 magisque
493 2770 519 2824 ei
539 2769 650 2824 addidit
668 2771 792 2835 tantum,
811 2767 1006 2822 institutiones
1025 2782 1090 2819 suas

75 2844 153 2912 quasi
181 2837 333 2911 προοίμιον
361 2840 466 2894 Sabino
494 2843 578 2911 (nuno
601 2840 653 2893 ΠΗ
676 2840 756 2894 libris
780 2838 981 2910 singularibus)
1008 2853 1090 2907 prae-

74 2915 169 2986 figens,
193 2929 281 2982 quam
304 2912 433 2966 donauit.
512 2915 538 2982 2)
560 2911 721 2982 Vestigium
744 2912 803 2966 eius
827 2911 869 2965 rei
887 2910 917 2963 in
936 2926 968 2964 co
987 2925 1090 2980 eogno-

75 3003 148 3040 soere
171 2984 244 3038 mihi
265 2983 375 3051 videor,
400 2983 475 3052 quod
497 2985 609 3053 postea,
632 2982 788 3037 Iustiniano
811 2982 841 3035 in
865 2984 952 3036 const.
973 2980 1090 3034 Omnem

73 3051 1089 3182 fttbiieliiisefiiitintllfflli’niteirsllalutiillleiiiiii?

73 3201 117 3254 tor
141 3198 239 3270 (sicuti
263 3197 361 3252 Sabini
375 3169 454 3267 ’opus
477 3145 580 3267 fugas)
605 3197 713 3250 scilieet
732 3212 766 3250 ex
785 3195 921 3262 nexillis,
941 3196 1090 3264 questum

75 3287 104 3324 ex
126 3271 260 3324 universa
283 3267 517 3338 iurisprudentia,
542 3269 627 3336 ‘quae
650 3267 680 3322 in
702 3267 837 3322 librorum
862 3267 916 3320 duo
940 3266 1020 3320 milia
1044 3281 1090 3318 ex-

74 3341 264 3407 tendebatur'‚
284 3355 301 3392 a
319 3355 386 3394 voce
404 3339 540 3410 magistra
559 3339 678 3393 studiosi
698 3337 876 3408 accipiebant
899 3338 996 3407 (ceteri
1014 3337 1091 3390 enim

75 3413 195 3482 quinque
213 3410 282 3466 libri
301 3413 382 3465 erant
399 3411 498 3480 prima,
515 3411 645 3478 secunda,
664 3411 750 3464 tertia
763 3426 828 3478 pars
843 3408 938 3476 edicti,
956 3424 1091 3478 responsa

74 3483 224 3554 Papiniani
242 3485 272 3536 et
289 3481 401 3552 Paulli).
439 3482 590 3536 Manifesto
606 3498 697 3536 errore
711 3498 786 3535 nunc
799 3481 927 3550 plerique
942 3496 989 3533 sex
1002 3479 1090 3532 libros

74 3554 134 3610 illos
152 3553 322 3624 intelligunt
340 3554 410 3607 duos
429 3555 474 3622 (ex
492 3556 634 3622 quattuor)
655 3552 719 3606 Gaii
738 3551 951 3605 Institutionum
966 3553 994 3604 ct
1008 3551 1089 3618 quat·

74 3628 135 3683 tuor
151 3625 241 3682 libros
261 3624 425 3694 singulares.
